<ENVELOPE>
    <HEADER>
        <TALLYREQUEST>Import Data</TALLYREQUEST>
    </HEADER>
    <BODY>
        <IMPORTDATA>
            <REQUESTDESC>
                <REPORTNAME>All Masters</REPORTNAME>
                <STATICVARIABLES>
                    <SVCURRENTCOMPANY>HEAD OFFICE</SVCURRENTCOMPANY>
                </STATICVARIABLES>
            </REQUESTDESC>
            <REQUESTDATA>
                <TALLYMESSAGE xmlns:UDF="TallyUDF">
                    <VOUCHER VCHTYPE="Payment" ACTION="Create">
                        <DATE>20100125</DATE>
                        <VOUCHERTYPENAME>Payment</VOUCHERTYPENAME>
                        <NARRATION>Mifos - GL Interface 2010-10-02 to 2010-10-05.xml</NARRATION>
                        <ALLLEDGERENTRIES.LIST>
                            <LEDGERNAME>11201</LEDGERNAME>
                            <ISDEEMEDPOSITIVE>Yes</ISDEEMEDPOSITIVE>
                            <AMOUNT>-003000.0000</AMOUNT>
                            <CATEGORYALLOCATIONS.LIST>
                                <CATEGORY>Primary Cost Category</CATEGORY>
                                <COSTCENTREALLOCATIONS.LIST>
                                    <NAME>ANILAO</NAME>
                                    <AMOUNT>-003000.0000</AMOUNT>
                                </COSTCENTREALLOCATIONS.LIST>
                            </CATEGORYALLOCATIONS.LIST>
                        </ALLLEDGERENTRIES.LIST>
                        <ALLLEDGERENTRIES.LIST>
                            <LEDGERNAME>12101</LEDGERNAME>
                            <ISDEEMEDPOSITIVE>Yes</ISDEEMEDPOSITIVE>
                            <AMOUNT>-053500.0000</AMOUNT>
                            <CATEGORYALLOCATIONS.LIST>
                                <CATEGORY>Primary Cost Category</CATEGORY>
                                <COSTCENTREALLOCATIONS.LIST>
                                    <NAME>ANILAO</NAME>
                                    <AMOUNT>-053500.0000</AMOUNT>
                                </COSTCENTREALLOCATIONS.LIST>
                            </CATEGORYALLOCATIONS.LIST>
                        </ALLLEDGERENTRIES.LIST>
                        <ALLLEDGERENTRIES.LIST>
                            <LEDGERNAME>11201</LEDGERNAME>
                            <ISDEEMEDPOSITIVE>No</ISDEEMEDPOSITIVE>
                            <AMOUNT>053500.0000</AMOUNT>
                            <CATEGORYALLOCATIONS.LIST>
                                <CATEGORY>Primary Cost Category</CATEGORY>
                                <COSTCENTREALLOCATIONS.LIST>
                                    <NAME>ANILAO</NAME>
                                    <AMOUNT>053500.0000</AMOUNT>
                                </COSTCENTREALLOCATIONS.LIST>
                            </CATEGORYALLOCATIONS.LIST>
                        </ALLLEDGERENTRIES.LIST>
                        <ALLLEDGERENTRIES.LIST>
                            <LEDGERNAME>12101</LEDGERNAME>
                            <ISDEEMEDPOSITIVE>No</ISDEEMEDPOSITIVE>
                            <AMOUNT>003000.0000</AMOUNT>
                            <CATEGORYALLOCATIONS.LIST>
                                <CATEGORY>Primary Cost Category</CATEGORY>
                                <COSTCENTREALLOCATIONS.LIST>
                                    <NAME>ANILAO</NAME>
                                    <AMOUNT>003000.0000</AMOUNT>
                                </COSTCENTREALLOCATIONS.LIST>
                            </CATEGORYALLOCATIONS.LIST>
                        </ALLLEDGERENTRIES.LIST>
                    </VOUCHER>
                </TALLYMESSAGE>
                <TALLYMESSAGE xmlns:UDF="TallyUDF">
                    <VOUCHER VCHTYPE="Receipt" ACTION="Create">
                        <DATE>20100125</DATE>
                        <VOUCHERTYPENAME>Receipt</VOUCHERTYPENAME>
                        <NARRATION>Mifos - GL Interface 2010-10-02 to 2010-10-05.xml</NARRATION>
                        <ALLLEDGERENTRIES.LIST>
                            <LEDGERNAME>11201</LEDGERNAME>
                            <ISDEEMEDPOSITIVE>No</ISDEEMEDPOSITIVE>
                            <AMOUNT>000090.0000</AMOUNT>
                            <CATEGORYALLOCATIONS.LIST>
                                <CATEGORY>Primary Cost Category</CATEGORY>
                                <COSTCENTREALLOCATIONS.LIST>
                                    <NAME>ANILAO</NAME>
                                    <AMOUNT>000090.0000</AMOUNT>
                                </COSTCENTREALLOCATIONS.LIST>
                            </CATEGORYALLOCATIONS.LIST>
                        </ALLLEDGERENTRIES.LIST>
                        <ALLLEDGERENTRIES.LIST>
                            <LEDGERNAME>11201</LEDGERNAME>
                            <ISDEEMEDPOSITIVE>Yes</ISDEEMEDPOSITIVE>
                            <AMOUNT>-001605.0000</AMOUNT>
                            <CATEGORYALLOCATIONS.LIST>
                                <CATEGORY>Primary Cost Category</CATEGORY>
                                <COSTCENTREALLOCATIONS.LIST>
                                    <NAME>ANILAO</NAME>
                                    <AMOUNT>-001605.0000</AMOUNT>
                                </COSTCENTREALLOCATIONS.LIST>
                            </CATEGORYALLOCATIONS.LIST>
                        </ALLLEDGERENTRIES.LIST>
                        <ALLLEDGERENTRIES.LIST>
                            <LEDGERNAME>31201</LEDGERNAME>
                            <ISDEEMEDPOSITIVE>No</ISDEEMEDPOSITIVE>
                            <AMOUNT>001605.0000</AMOUNT>
                            <CATEGORYALLOCATIONS.LIST>
                                <CATEGORY>Primary Cost Category</CATEGORY>
                                <COSTCENTREALLOCATIONS.LIST>
                                    <NAME>ANILAO</NAME>
                                    <AMOUNT>001605.0000</AMOUNT>
                                </COSTCENTREALLOCATIONS.LIST>
                            </CATEGORYALLOCATIONS.LIST>
                        </ALLLEDGERENTRIES.LIST>
                        <ALLLEDGERENTRIES.LIST>
                            <LEDGERNAME>31201</LEDGERNAME>
                            <ISDEEMEDPOSITIVE>Yes</ISDEEMEDPOSITIVE>
                            <AMOUNT>-000090.0000</AMOUNT>
                            <CATEGORYALLOCATIONS.LIST>
                                <CATEGORY>Primary Cost Category</CATEGORY>
                                <COSTCENTREALLOCATIONS.LIST>
                                    <NAME>ANILAO</NAME>
                                    <AMOUNT>-000090.0000</AMOUNT>
                                </COSTCENTREALLOCATIONS.LIST>
                            </CATEGORYALLOCATIONS.LIST>
                        </ALLLEDGERENTRIES.LIST>
                    </VOUCHER>
                </TALLYMESSAGE>
                <TALLYMESSAGE xmlns:UDF="TallyUDF">
                    <VOUCHER VCHTYPE="Payment" ACTION="Create">
                        <DATE>20100126</DATE>
                        <VOUCHERTYPENAME>Payment</VOUCHERTYPENAME>
                        <NARRATION>Mifos - GL Interface 2010-10-02 to 2010-10-05.xml</NARRATION>
                        <ALLLEDGERENTRIES.LIST>
                            <LEDGERNAME>12101</LEDGERNAME>
                            <ISDEEMEDPOSITIVE>Yes</ISDEEMEDPOSITIVE>
                            <AMOUNT>-096000.0000</AMOUNT>
                            <CATEGORYALLOCATIONS.LIST>
                                <CATEGORY>Primary Cost Category</CATEGORY>
                                <COSTCENTREALLOCATIONS.LIST>
                                    <NAME>ANILAO</NAME>
                                    <AMOUNT>-096000.0000</AMOUNT>
                                </COSTCENTREALLOCATIONS.LIST>
                            </CATEGORYALLOCATIONS.LIST>
                        </ALLLEDGERENTRIES.LIST>
                        <ALLLEDGERENTRIES.LIST>
                            <LEDGERNAME>11201</LEDGERNAME>
                            <ISDEEMEDPOSITIVE>No</ISDEEMEDPOSITIVE>
                            <AMOUNT>096000.0000</AMOUNT>
                            <CATEGORYALLOCATIONS.LIST>
                                <CATEGORY>Primary Cost Category</CATEGORY>
                                <COSTCENTREALLOCATIONS.LIST>
                                    <NAME>ANILAO</NAME>
                                    <AMOUNT>096000.0000</AMOUNT>
                                </COSTCENTREALLOCATIONS.LIST>
                            </CATEGORYALLOCATIONS.LIST>
                        </ALLLEDGERENTRIES.LIST>
                    </VOUCHER>
                </TALLYMESSAGE>
                <TALLYMESSAGE xmlns:UDF="TallyUDF">
                    <VOUCHER VCHTYPE="Receipt" ACTION="Create">
                        <DATE>20100126</DATE>
                        <VOUCHERTYPENAME>Receipt</VOUCHERTYPENAME>
                        <NARRATION>Mifos - GL Interface 2010-10-02 to 2010-10-05.xml</NARRATION>
                        <ALLLEDGERENTRIES.LIST>
                            <LEDGERNAME>11201</LEDGERNAME>
                            <ISDEEMEDPOSITIVE>Yes</ISDEEMEDPOSITIVE>
                            <AMOUNT>-002880.0000</AMOUNT>
                            <CATEGORYALLOCATIONS.LIST>
                                <CATEGORY>Primary Cost Category</CATEGORY>
                                <COSTCENTREALLOCATIONS.LIST>
                                    <NAME>ANILAO</NAME>
                                    <AMOUNT>-002880.0000</AMOUNT>
                                </COSTCENTREALLOCATIONS.LIST>
                            </CATEGORYALLOCATIONS.LIST>
                        </ALLLEDGERENTRIES.LIST>
                        <ALLLEDGERENTRIES.LIST>
                            <LEDGERNAME>31201</LEDGERNAME>
                            <ISDEEMEDPOSITIVE>No</ISDEEMEDPOSITIVE>
                            <AMOUNT>002880.0000</AMOUNT>
                            <CATEGORYALLOCATIONS.LIST>
                                <CATEGORY>Primary Cost Category</CATEGORY>
                                <COSTCENTREALLOCATIONS.LIST>
                                    <NAME>ANILAO</NAME>
                                    <AMOUNT>002880.0000</AMOUNT>
                                </COSTCENTREALLOCATIONS.LIST>
                            </CATEGORYALLOCATIONS.LIST>
                        </ALLLEDGERENTRIES.LIST>
                    </VOUCHER>
                </TALLYMESSAGE>
                <TALLYMESSAGE xmlns:UDF="TallyUDF">
                    <VOUCHER VCHTYPE="Payment" ACTION="Create">
                        <DATE>20100127</DATE>
                        <VOUCHERTYPENAME>Payment</VOUCHERTYPENAME>
                        <NARRATION>Mifos - GL Interface 2010-10-02 to 2010-10-05.xml</NARRATION>
                        <ALLLEDGERENTRIES.LIST>
                            <LEDGERNAME>12101</LEDGERNAME>
                            <ISDEEMEDPOSITIVE>Yes</ISDEEMEDPOSITIVE>
                            <AMOUNT>-014500.0000</AMOUNT>
                            <CATEGORYALLOCATIONS.LIST>
                                <CATEGORY>Primary Cost Category</CATEGORY>
                                <COSTCENTREALLOCATIONS.LIST>
                                    <NAME>ANILAO</NAME>
                                    <AMOUNT>-014500.0000</AMOUNT>
                                </COSTCENTREALLOCATIONS.LIST>
                            </CATEGORYALLOCATIONS.LIST>
                        </ALLLEDGERENTRIES.LIST>
                        <ALLLEDGERENTRIES.LIST>
                            <LEDGERNAME>11201</LEDGERNAME>
                            <ISDEEMEDPOSITIVE>No</ISDEEMEDPOSITIVE>
                            <AMOUNT>014500.0000</AMOUNT>
                            <CATEGORYALLOCATIONS.LIST>
                                <CATEGORY>Primary Cost Category</CATEGORY>
                                <COSTCENTREALLOCATIONS.LIST>
                                    <NAME>ANILAO</NAME>
                                    <AMOUNT>014500.0000</AMOUNT>
                                </COSTCENTREALLOCATIONS.LIST>
                            </CATEGORYALLOCATIONS.LIST>
                        </ALLLEDGERENTRIES.LIST>
                    </VOUCHER>
                </TALLYMESSAGE>
                <TALLYMESSAGE xmlns:UDF="TallyUDF">
                    <VOUCHER VCHTYPE="Receipt" ACTION="Create">
                        <DATE>20100127</DATE>
                        <VOUCHERTYPENAME>Receipt</VOUCHERTYPENAME>
                        <NARRATION>Mifos - GL Interface 2010-10-02 to 2010-10-05.xml</NARRATION>
                        <ALLLEDGERENTRIES.LIST>
                            <LEDGERNAME>11201</LEDGERNAME>
                            <ISDEEMEDPOSITIVE>Yes</ISDEEMEDPOSITIVE>
                            <AMOUNT>-000435.0000</AMOUNT>
                            <CATEGORYALLOCATIONS.LIST>
                                <CATEGORY>Primary Cost Category</CATEGORY>
                                <COSTCENTREALLOCATIONS.LIST>
                                    <NAME>ANILAO</NAME>
                                    <AMOUNT>-000435.0000</AMOUNT>
                                </COSTCENTREALLOCATIONS.LIST>
                            </CATEGORYALLOCATIONS.LIST>
                        </ALLLEDGERENTRIES.LIST>
                        <ALLLEDGERENTRIES.LIST>
                            <LEDGERNAME>31201</LEDGERNAME>
                            <ISDEEMEDPOSITIVE>No</ISDEEMEDPOSITIVE>
                            <AMOUNT>000435.0000</AMOUNT>
                            <CATEGORYALLOCATIONS.LIST>
                                <CATEGORY>Primary Cost Category</CATEGORY>
                                <COSTCENTREALLOCATIONS.LIST>
                                    <NAME>ANILAO</NAME>
                                    <AMOUNT>000435.0000</AMOUNT>
                                </COSTCENTREALLOCATIONS.LIST>
                            </CATEGORYALLOCATIONS.LIST>
                        </ALLLEDGERENTRIES.LIST>
                    </VOUCHER>
                </TALLYMESSAGE>
                <TALLYMESSAGE xmlns:UDF="TallyUDF">
                    <VOUCHER VCHTYPE="Payment" ACTION="Create">
                        <DATE>20100201</DATE>
                        <VOUCHERTYPENAME>Payment</VOUCHERTYPENAME>
                        <NARRATION>Mifos - GL Interface 2010-10-02 to 2010-10-05.xml</NARRATION>
                        <ALLLEDGERENTRIES.LIST>
                            <LEDGERNAME>12101</LEDGERNAME>
                            <ISDEEMEDPOSITIVE>Yes</ISDEEMEDPOSITIVE>
                            <AMOUNT>-237500.0000</AMOUNT>
                            <CATEGORYALLOCATIONS.LIST>
                                <CATEGORY>Primary Cost Category</CATEGORY>
                                <COSTCENTREALLOCATIONS.LIST>
                                    <NAME>ANILAO</NAME>
                                    <AMOUNT>-237500.0000</AMOUNT>
                                </COSTCENTREALLOCATIONS.LIST>
                            </CATEGORYALLOCATIONS.LIST>
                        </ALLLEDGERENTRIES.LIST>
                        <ALLLEDGERENTRIES.LIST>
                            <LEDGERNAME>21101</LEDGERNAME>
                            <ISDEEMEDPOSITIVE>Yes</ISDEEMEDPOSITIVE>
                            <AMOUNT>-003700.0000</AMOUNT>
                            <CATEGORYALLOCATIONS.LIST>
                                <CATEGORY>Primary Cost Category</CATEGORY>
                                <COSTCENTREALLOCATIONS.LIST>
                                    <NAME>ANILAO</NAME>
                                    <AMOUNT>-003700.0000</AMOUNT>
                                </COSTCENTREALLOCATIONS.LIST>
                            </CATEGORYALLOCATIONS.LIST>
                        </ALLLEDGERENTRIES.LIST>
                        <ALLLEDGERENTRIES.LIST>
                            <LEDGERNAME>21102</LEDGERNAME>
                            <ISDEEMEDPOSITIVE>Yes</ISDEEMEDPOSITIVE>
                            <AMOUNT>-001817.0000</AMOUNT>
                            <CATEGORYALLOCATIONS.LIST>
                                <CATEGORY>Primary Cost Category</CATEGORY>
                                <COSTCENTREALLOCATIONS.LIST>
                                    <NAME>ANILAO</NAME>
                                    <AMOUNT>-001817.0000</AMOUNT>
                                </COSTCENTREALLOCATIONS.LIST>
                            </CATEGORYALLOCATIONS.LIST>
                        </ALLLEDGERENTRIES.LIST>
                        <ALLLEDGERENTRIES.LIST>
                            <LEDGERNAME>11201</LEDGERNAME>
                            <ISDEEMEDPOSITIVE>No</ISDEEMEDPOSITIVE>
                            <AMOUNT>243017.0000</AMOUNT>
                            <CATEGORYALLOCATIONS.LIST>
                                <CATEGORY>Primary Cost Category</CATEGORY>
                                <COSTCENTREALLOCATIONS.LIST>
                                    <NAME>ANILAO</NAME>
                                    <AMOUNT>243017.0000</AMOUNT>
                                </COSTCENTREALLOCATIONS.LIST>
                            </CATEGORYALLOCATIONS.LIST>
                        </ALLLEDGERENTRIES.LIST>
                    </VOUCHER>
                </TALLYMESSAGE>
                <TALLYMESSAGE xmlns:UDF="TallyUDF">
                    <VOUCHER VCHTYPE="Receipt" ACTION="Create">
                        <DATE>20100201</DATE>
                        <VOUCHERTYPENAME>Receipt</VOUCHERTYPENAME>
                        <NARRATION>Mifos - GL Interface 2010-10-02 to 2010-10-05.xml</NARRATION>
                        <ALLLEDGERENTRIES.LIST>
                            <LEDGERNAME>11201</LEDGERNAME>
                            <ISDEEMEDPOSITIVE>Yes</ISDEEMEDPOSITIVE>
                            <AMOUNT>-246753.0000</AMOUNT>
                            <CATEGORYALLOCATIONS.LIST>
                                <CATEGORY>Primary Cost Category</CATEGORY>
                                <COSTCENTREALLOCATIONS.LIST>
                                    <NAME>ANILAO</NAME>
                                    <AMOUNT>-246753.0000</AMOUNT>
                                </COSTCENTREALLOCATIONS.LIST>
                            </CATEGORYALLOCATIONS.LIST>
                        </ALLLEDGERENTRIES.LIST>
                        <ALLLEDGERENTRIES.LIST>
                            <LEDGERNAME>12101</LEDGERNAME>
                            <ISDEEMEDPOSITIVE>No</ISDEEMEDPOSITIVE>
                            <AMOUNT>181607.0000</AMOUNT>
                            <CATEGORYALLOCATIONS.LIST>
                                <CATEGORY>Primary Cost Category</CATEGORY>
                                <COSTCENTREALLOCATIONS.LIST>
                                    <NAME>ANILAO</NAME>
                                    <AMOUNT>181607.0000</AMOUNT>
                                </COSTCENTREALLOCATIONS.LIST>
                            </CATEGORYALLOCATIONS.LIST>
                        </ALLLEDGERENTRIES.LIST>
                        <ALLLEDGERENTRIES.LIST>
                            <LEDGERNAME>21101</LEDGERNAME>
                            <ISDEEMEDPOSITIVE>No</ISDEEMEDPOSITIVE>
                            <AMOUNT>013142.0000</AMOUNT>
                            <CATEGORYALLOCATIONS.LIST>
                                <CATEGORY>Primary Cost Category</CATEGORY>
                                <COSTCENTREALLOCATIONS.LIST>
                                    <NAME>ANILAO</NAME>
                                    <AMOUNT>013142.0000</AMOUNT>
                                </COSTCENTREALLOCATIONS.LIST>
                            </CATEGORYALLOCATIONS.LIST>
                        </ALLLEDGERENTRIES.LIST>
                        <ALLLEDGERENTRIES.LIST>
                            <LEDGERNAME>21102</LEDGERNAME>
                            <ISDEEMEDPOSITIVE>No</ISDEEMEDPOSITIVE>
                            <AMOUNT>002662.0000</AMOUNT>
                            <CATEGORYALLOCATIONS.LIST>
                                <CATEGORY>Primary Cost Category</CATEGORY>
                                <COSTCENTREALLOCATIONS.LIST>
                                    <NAME>ANILAO</NAME>
                                    <AMOUNT>002662.0000</AMOUNT>
                                </COSTCENTREALLOCATIONS.LIST>
                            </CATEGORYALLOCATIONS.LIST>
                        </ALLLEDGERENTRIES.LIST>
                        <ALLLEDGERENTRIES.LIST>
                            <LEDGERNAME>31101</LEDGERNAME>
                            <ISDEEMEDPOSITIVE>No</ISDEEMEDPOSITIVE>
                            <AMOUNT>033593.0000</AMOUNT>
                            <CATEGORYALLOCATIONS.LIST>
                                <CATEGORY>Primary Cost Category</CATEGORY>
                                <COSTCENTREALLOCATIONS.LIST>
                                    <NAME>ANILAO</NAME>
                                    <AMOUNT>033593.0000</AMOUNT>
                                </COSTCENTREALLOCATIONS.LIST>
                            </CATEGORYALLOCATIONS.LIST>
                        </ALLLEDGERENTRIES.LIST>
                        <ALLLEDGERENTRIES.LIST>
                            <LEDGERNAME>31201</LEDGERNAME>
                            <ISDEEMEDPOSITIVE>No</ISDEEMEDPOSITIVE>
                            <AMOUNT>015749.0000</AMOUNT>
                            <CATEGORYALLOCATIONS.LIST>
                                <CATEGORY>Primary Cost Category</CATEGORY>
                                <COSTCENTREALLOCATIONS.LIST>
                                    <NAME>ANILAO</NAME>
                                    <AMOUNT>015749.0000</AMOUNT>
                                </COSTCENTREALLOCATIONS.LIST>
                            </CATEGORYALLOCATIONS.LIST>
                        </ALLLEDGERENTRIES.LIST>
                    </VOUCHER>
                </TALLYMESSAGE>
                <TALLYMESSAGE xmlns:UDF="TallyUDF">
                    <VOUCHER VCHTYPE="Payment" ACTION="Create">
                        <DATE>20100202</DATE>
                        <VOUCHERTYPENAME>Payment</VOUCHERTYPENAME>
                        <NARRATION>Mifos - GL Interface 2010-10-02 to 2010-10-05.xml</NARRATION>
                        <ALLLEDGERENTRIES.LIST>
                            <LEDGERNAME>12101</LEDGERNAME>
                            <ISDEEMEDPOSITIVE>Yes</ISDEEMEDPOSITIVE>
                            <AMOUNT>-124000.0000</AMOUNT>
                            <CATEGORYALLOCATIONS.LIST>
                                <CATEGORY>Primary Cost Category</CATEGORY>
                                <COSTCENTREALLOCATIONS.LIST>
                                    <NAME>ANILAO</NAME>
                                    <AMOUNT>-124000.0000</AMOUNT>
                                </COSTCENTREALLOCATIONS.LIST>
                            </CATEGORYALLOCATIONS.LIST>
                        </ALLLEDGERENTRIES.LIST>
                        <ALLLEDGERENTRIES.LIST>
                            <LEDGERNAME>21101</LEDGERNAME>
                            <ISDEEMEDPOSITIVE>Yes</ISDEEMEDPOSITIVE>
                            <AMOUNT>-000445.0000</AMOUNT>
                            <CATEGORYALLOCATIONS.LIST>
                                <CATEGORY>Primary Cost Category</CATEGORY>
                                <COSTCENTREALLOCATIONS.LIST>
                                    <NAME>ANILAO</NAME>
                                    <AMOUNT>-000445.0000</AMOUNT>
                                </COSTCENTREALLOCATIONS.LIST>
                            </CATEGORYALLOCATIONS.LIST>
                        </ALLLEDGERENTRIES.LIST>
                        <ALLLEDGERENTRIES.LIST>
                            <LEDGERNAME>21102</LEDGERNAME>
                            <ISDEEMEDPOSITIVE>Yes</ISDEEMEDPOSITIVE>
                            <AMOUNT>-002913.0000</AMOUNT>
                            <CATEGORYALLOCATIONS.LIST>
                                <CATEGORY>Primary Cost Category</CATEGORY>
                                <COSTCENTREALLOCATIONS.LIST>
                                    <NAME>ANILAO</NAME>
                                    <AMOUNT>-002913.0000</AMOUNT>
                                </COSTCENTREALLOCATIONS.LIST>
                            </CATEGORYALLOCATIONS.LIST>
                        </ALLLEDGERENTRIES.LIST>
                        <ALLLEDGERENTRIES.LIST>
                            <LEDGERNAME>11201</LEDGERNAME>
                            <ISDEEMEDPOSITIVE>No</ISDEEMEDPOSITIVE>
                            <AMOUNT>127358.0000</AMOUNT>
                            <CATEGORYALLOCATIONS.LIST>
                                <CATEGORY>Primary Cost Category</CATEGORY>
                                <COSTCENTREALLOCATIONS.LIST>
                                    <NAME>ANILAO</NAME>
                                    <AMOUNT>127358.0000</AMOUNT>
                                </COSTCENTREALLOCATIONS.LIST>
                            </CATEGORYALLOCATIONS.LIST>
                        </ALLLEDGERENTRIES.LIST>
                    </VOUCHER>
                </TALLYMESSAGE>
                <TALLYMESSAGE xmlns:UDF="TallyUDF">
                    <VOUCHER VCHTYPE="Receipt" ACTION="Create">
                        <DATE>20100202</DATE>
                        <VOUCHERTYPENAME>Receipt</VOUCHERTYPENAME>
                        <NARRATION>Mifos - GL Interface 2010-10-02 to 2010-10-05.xml</NARRATION>
                        <ALLLEDGERENTRIES.LIST>
                            <LEDGERNAME>11201</LEDGERNAME>
                            <ISDEEMEDPOSITIVE>Yes</ISDEEMEDPOSITIVE>
                            <AMOUNT>-161967.0000</AMOUNT>
                            <CATEGORYALLOCATIONS.LIST>
                                <CATEGORY>Primary Cost Category</CATEGORY>
                                <COSTCENTREALLOCATIONS.LIST>
                                    <NAME>ANILAO</NAME>
                                    <AMOUNT>-161967.0000</AMOUNT>
                                </COSTCENTREALLOCATIONS.LIST>
                            </CATEGORYALLOCATIONS.LIST>
                        </ALLLEDGERENTRIES.LIST>
                        <ALLLEDGERENTRIES.LIST>
                            <LEDGERNAME>12101</LEDGERNAME>
                            <ISDEEMEDPOSITIVE>No</ISDEEMEDPOSITIVE>
                            <AMOUNT>118515.0000</AMOUNT>
                            <CATEGORYALLOCATIONS.LIST>
                                <CATEGORY>Primary Cost Category</CATEGORY>
                                <COSTCENTREALLOCATIONS.LIST>
                                    <NAME>ANILAO</NAME>
                                    <AMOUNT>118515.0000</AMOUNT>
                                </COSTCENTREALLOCATIONS.LIST>
                            </CATEGORYALLOCATIONS.LIST>
                        </ALLLEDGERENTRIES.LIST>
                        <ALLLEDGERENTRIES.LIST>
                            <LEDGERNAME>21101</LEDGERNAME>
                            <ISDEEMEDPOSITIVE>No</ISDEEMEDPOSITIVE>
                            <AMOUNT>010070.0000</AMOUNT>
                            <CATEGORYALLOCATIONS.LIST>
                                <CATEGORY>Primary Cost Category</CATEGORY>
                                <COSTCENTREALLOCATIONS.LIST>
                                    <NAME>ANILAO</NAME>
                                    <AMOUNT>010070.0000</AMOUNT>
                                </COSTCENTREALLOCATIONS.LIST>
                            </CATEGORYALLOCATIONS.LIST>
                        </ALLLEDGERENTRIES.LIST>
                        <ALLLEDGERENTRIES.LIST>
                            <LEDGERNAME>21102</LEDGERNAME>
                            <ISDEEMEDPOSITIVE>No</ISDEEMEDPOSITIVE>
                            <AMOUNT>002123.0000</AMOUNT>
                            <CATEGORYALLOCATIONS.LIST>
                                <CATEGORY>Primary Cost Category</CATEGORY>
                                <COSTCENTREALLOCATIONS.LIST>
                                    <NAME>ANILAO</NAME>
                                    <AMOUNT>002123.0000</AMOUNT>
                                </COSTCENTREALLOCATIONS.LIST>
                            </CATEGORYALLOCATIONS.LIST>
                        </ALLLEDGERENTRIES.LIST>
                        <ALLLEDGERENTRIES.LIST>
                            <LEDGERNAME>31101</LEDGERNAME>
                            <ISDEEMEDPOSITIVE>No</ISDEEMEDPOSITIVE>
                            <AMOUNT>020651.0000</AMOUNT>
                            <CATEGORYALLOCATIONS.LIST>
                                <CATEGORY>Primary Cost Category</CATEGORY>
                                <COSTCENTREALLOCATIONS.LIST>
                                    <NAME>ANILAO</NAME>
                                    <AMOUNT>020651.0000</AMOUNT>
                                </COSTCENTREALLOCATIONS.LIST>
                            </CATEGORYALLOCATIONS.LIST>
                        </ALLLEDGERENTRIES.LIST>
                        <ALLLEDGERENTRIES.LIST>
                            <LEDGERNAME>31201</LEDGERNAME>
                            <ISDEEMEDPOSITIVE>No</ISDEEMEDPOSITIVE>
                            <AMOUNT>010608.0000</AMOUNT>
                            <CATEGORYALLOCATIONS.LIST>
                                <CATEGORY>Primary Cost Category</CATEGORY>
                                <COSTCENTREALLOCATIONS.LIST>
                                    <NAME>ANILAO</NAME>
                                    <AMOUNT>010608.0000</AMOUNT>
                                </COSTCENTREALLOCATIONS.LIST>
                            </CATEGORYALLOCATIONS.LIST>
                        </ALLLEDGERENTRIES.LIST>
                    </VOUCHER>
                </TALLYMESSAGE>
                <TALLYMESSAGE xmlns:UDF="TallyUDF">
                    <VOUCHER VCHTYPE="Journal" ACTION="Create">
                        <DATE>20100203</DATE>
                        <VOUCHERTYPENAME>Journal</VOUCHERTYPENAME>
                        <NARRATION>Mifos - GL Interface 2010-10-02 to 2010-10-05.xml</NARRATION>
                        <ALLLEDGERENTRIES.LIST>
                            <LEDGERNAME>21101</LEDGERNAME>
                            <ISDEEMEDPOSITIVE>No</ISDEEMEDPOSITIVE>
                            <AMOUNT>000016.0000</AMOUNT>
                            <CATEGORYALLOCATIONS.LIST>
                                <CATEGORY>Primary Cost Category</CATEGORY>
                                <COSTCENTREALLOCATIONS.LIST>
                                    <NAME>ANILAO</NAME>
                                    <AMOUNT>000016.0000</AMOUNT>
                                </COSTCENTREALLOCATIONS.LIST>
                            </CATEGORYALLOCATIONS.LIST>
                        </ALLLEDGERENTRIES.LIST>
                        <ALLLEDGERENTRIES.LIST>
                            <LEDGERNAME>41101</LEDGERNAME>
                            <ISDEEMEDPOSITIVE>Yes</ISDEEMEDPOSITIVE>
                            <AMOUNT>-000016.0000</AMOUNT>
                            <CATEGORYALLOCATIONS.LIST>
                                <CATEGORY>Primary Cost Category</CATEGORY>
                                <COSTCENTREALLOCATIONS.LIST>
                                    <NAME>ANILAO</NAME>
                                    <AMOUNT>-000016.0000</AMOUNT>
                                </COSTCENTREALLOCATIONS.LIST>
                            </CATEGORYALLOCATIONS.LIST>
                        </ALLLEDGERENTRIES.LIST>
                    </VOUCHER>
                </TALLYMESSAGE>
                <TALLYMESSAGE xmlns:UDF="TallyUDF">
                    <VOUCHER VCHTYPE="Payment" ACTION="Create">
                        <DATE>20100203</DATE>
                        <VOUCHERTYPENAME>Payment</VOUCHERTYPENAME>
                        <NARRATION>Mifos - GL Interface 2010-10-02 to 2010-10-05.xml</NARRATION>
                        <ALLLEDGERENTRIES.LIST>
                            <LEDGERNAME>12101</LEDGERNAME>
                            <ISDEEMEDPOSITIVE>Yes</ISDEEMEDPOSITIVE>
                            <AMOUNT>-152000.0000</AMOUNT>
                            <CATEGORYALLOCATIONS.LIST>
                                <CATEGORY>Primary Cost Category</CATEGORY>
                                <COSTCENTREALLOCATIONS.LIST>
                                    <NAME>ANILAO</NAME>
                                    <AMOUNT>-152000.0000</AMOUNT>
                                </COSTCENTREALLOCATIONS.LIST>
                            </CATEGORYALLOCATIONS.LIST>
                        </ALLLEDGERENTRIES.LIST>
                        <ALLLEDGERENTRIES.LIST>
                            <LEDGERNAME>21101</LEDGERNAME>
                            <ISDEEMEDPOSITIVE>Yes</ISDEEMEDPOSITIVE>
                            <AMOUNT>-010567.0000</AMOUNT>
                            <CATEGORYALLOCATIONS.LIST>
                                <CATEGORY>Primary Cost Category</CATEGORY>
                                <COSTCENTREALLOCATIONS.LIST>
                                    <NAME>ANILAO</NAME>
                                    <AMOUNT>-010567.0000</AMOUNT>
                                </COSTCENTREALLOCATIONS.LIST>
                            </CATEGORYALLOCATIONS.LIST>
                        </ALLLEDGERENTRIES.LIST>
                        <ALLLEDGERENTRIES.LIST>
                            <LEDGERNAME>21102</LEDGERNAME>
                            <ISDEEMEDPOSITIVE>Yes</ISDEEMEDPOSITIVE>
                            <AMOUNT>-001184.0000</AMOUNT>
                            <CATEGORYALLOCATIONS.LIST>
                                <CATEGORY>Primary Cost Category</CATEGORY>
                                <COSTCENTREALLOCATIONS.LIST>
                                    <NAME>ANILAO</NAME>
                                    <AMOUNT>-001184.0000</AMOUNT>
                                </COSTCENTREALLOCATIONS.LIST>
                            </CATEGORYALLOCATIONS.LIST>
                        </ALLLEDGERENTRIES.LIST>
                        <ALLLEDGERENTRIES.LIST>
                            <LEDGERNAME>11201</LEDGERNAME>
                            <ISDEEMEDPOSITIVE>No</ISDEEMEDPOSITIVE>
                            <AMOUNT>163751.0000</AMOUNT>
                            <CATEGORYALLOCATIONS.LIST>
                                <CATEGORY>Primary Cost Category</CATEGORY>
                                <COSTCENTREALLOCATIONS.LIST>
                                    <NAME>ANILAO</NAME>
                                    <AMOUNT>163751.0000</AMOUNT>
                                </COSTCENTREALLOCATIONS.LIST>
                            </CATEGORYALLOCATIONS.LIST>
                        </ALLLEDGERENTRIES.LIST>
                    </VOUCHER>
                </TALLYMESSAGE>
                <TALLYMESSAGE xmlns:UDF="TallyUDF">
                    <VOUCHER VCHTYPE="Receipt" ACTION="Create">
                        <DATE>20100203</DATE>
                        <VOUCHERTYPENAME>Receipt</VOUCHERTYPENAME>
                        <NARRATION>Mifos - GL Interface 2010-10-02 to 2010-10-05.xml</NARRATION>
                        <ALLLEDGERENTRIES.LIST>
                            <LEDGERNAME>11201</LEDGERNAME>
                            <ISDEEMEDPOSITIVE>Yes</ISDEEMEDPOSITIVE>
                            <AMOUNT>-182026.0000</AMOUNT>
                            <CATEGORYALLOCATIONS.LIST>
                                <CATEGORY>Primary Cost Category</CATEGORY>
                                <COSTCENTREALLOCATIONS.LIST>
                                    <NAME>ANILAO</NAME>
                                    <AMOUNT>-182026.0000</AMOUNT>
                                </COSTCENTREALLOCATIONS.LIST>
                            </CATEGORYALLOCATIONS.LIST>
                        </ALLLEDGERENTRIES.LIST>
                        <ALLLEDGERENTRIES.LIST>
                            <LEDGERNAME>12101</LEDGERNAME>
                            <ISDEEMEDPOSITIVE>No</ISDEEMEDPOSITIVE>
                            <AMOUNT>128367.0000</AMOUNT>
                            <CATEGORYALLOCATIONS.LIST>
                                <CATEGORY>Primary Cost Category</CATEGORY>
                                <COSTCENTREALLOCATIONS.LIST>
                                    <NAME>ANILAO</NAME>
                                    <AMOUNT>128367.0000</AMOUNT>
                                </COSTCENTREALLOCATIONS.LIST>
                            </CATEGORYALLOCATIONS.LIST>
                        </ALLLEDGERENTRIES.LIST>
                        <ALLLEDGERENTRIES.LIST>
                            <LEDGERNAME>21101</LEDGERNAME>
                            <ISDEEMEDPOSITIVE>No</ISDEEMEDPOSITIVE>
                            <AMOUNT>015045.0000</AMOUNT>
                            <CATEGORYALLOCATIONS.LIST>
                                <CATEGORY>Primary Cost Category</CATEGORY>
                                <COSTCENTREALLOCATIONS.LIST>
                                    <NAME>ANILAO</NAME>
                                    <AMOUNT>015045.0000</AMOUNT>
                                </COSTCENTREALLOCATIONS.LIST>
                            </CATEGORYALLOCATIONS.LIST>
                        </ALLLEDGERENTRIES.LIST>
                        <ALLLEDGERENTRIES.LIST>
                            <LEDGERNAME>21102</LEDGERNAME>
                            <ISDEEMEDPOSITIVE>No</ISDEEMEDPOSITIVE>
                            <AMOUNT>003201.0000</AMOUNT>
                            <CATEGORYALLOCATIONS.LIST>
                                <CATEGORY>Primary Cost Category</CATEGORY>
                                <COSTCENTREALLOCATIONS.LIST>
                                    <NAME>ANILAO</NAME>
                                    <AMOUNT>003201.0000</AMOUNT>
                                </COSTCENTREALLOCATIONS.LIST>
                            </CATEGORYALLOCATIONS.LIST>
                        </ALLLEDGERENTRIES.LIST>
                        <ALLLEDGERENTRIES.LIST>
                            <LEDGERNAME>31101</LEDGERNAME>
                            <ISDEEMEDPOSITIVE>No</ISDEEMEDPOSITIVE>
                            <AMOUNT>023186.0000</AMOUNT>
                            <CATEGORYALLOCATIONS.LIST>
                                <CATEGORY>Primary Cost Category</CATEGORY>
                                <COSTCENTREALLOCATIONS.LIST>
                                    <NAME>ANILAO</NAME>
                                    <AMOUNT>023186.0000</AMOUNT>
                                </COSTCENTREALLOCATIONS.LIST>
                            </CATEGORYALLOCATIONS.LIST>
                        </ALLLEDGERENTRIES.LIST>
                        <ALLLEDGERENTRIES.LIST>
                            <LEDGERNAME>31201</LEDGERNAME>
                            <ISDEEMEDPOSITIVE>No</ISDEEMEDPOSITIVE>
                            <AMOUNT>012227.0000</AMOUNT>
                            <CATEGORYALLOCATIONS.LIST>
                                <CATEGORY>Primary Cost Category</CATEGORY>
                                <COSTCENTREALLOCATIONS.LIST>
                                    <NAME>ANILAO</NAME>
                                    <AMOUNT>012227.0000</AMOUNT>
                                </COSTCENTREALLOCATIONS.LIST>
                            </CATEGORYALLOCATIONS.LIST>
                        </ALLLEDGERENTRIES.LIST>
                    </VOUCHER>
                </TALLYMESSAGE>
                <TALLYMESSAGE xmlns:UDF="TallyUDF">
                    <VOUCHER VCHTYPE="Payment" ACTION="Create">
                        <DATE>20100204</DATE>
                        <VOUCHERTYPENAME>Payment</VOUCHERTYPENAME>
                        <NARRATION>Mifos - GL Interface 2010-10-02 to 2010-10-05.xml</NARRATION>
                        <ALLLEDGERENTRIES.LIST>
                            <LEDGERNAME>12101</LEDGERNAME>
                            <ISDEEMEDPOSITIVE>Yes</ISDEEMEDPOSITIVE>
                            <AMOUNT>-100500.0000</AMOUNT>
                            <CATEGORYALLOCATIONS.LIST>
                                <CATEGORY>Primary Cost Category</CATEGORY>
                                <COSTCENTREALLOCATIONS.LIST>
                                    <NAME>ANILAO</NAME>
                                    <AMOUNT>-100500.0000</AMOUNT>
                                </COSTCENTREALLOCATIONS.LIST>
                            </CATEGORYALLOCATIONS.LIST>
                        </ALLLEDGERENTRIES.LIST>
                        <ALLLEDGERENTRIES.LIST>
                            <LEDGERNAME>21102</LEDGERNAME>
                            <ISDEEMEDPOSITIVE>Yes</ISDEEMEDPOSITIVE>
                            <AMOUNT>-001237.0000</AMOUNT>
                            <CATEGORYALLOCATIONS.LIST>
                                <CATEGORY>Primary Cost Category</CATEGORY>
                                <COSTCENTREALLOCATIONS.LIST>
                                    <NAME>ANILAO</NAME>
                                    <AMOUNT>-001237.0000</AMOUNT>
                                </COSTCENTREALLOCATIONS.LIST>
                            </CATEGORYALLOCATIONS.LIST>
                        </ALLLEDGERENTRIES.LIST>
                        <ALLLEDGERENTRIES.LIST>
                            <LEDGERNAME>11201</LEDGERNAME>
                            <ISDEEMEDPOSITIVE>No</ISDEEMEDPOSITIVE>
                            <AMOUNT>101737.0000</AMOUNT>
                            <CATEGORYALLOCATIONS.LIST>
                                <CATEGORY>Primary Cost Category</CATEGORY>
                                <COSTCENTREALLOCATIONS.LIST>
                                    <NAME>ANILAO</NAME>
                                    <AMOUNT>101737.0000</AMOUNT>
                                </COSTCENTREALLOCATIONS.LIST>
                            </CATEGORYALLOCATIONS.LIST>
                        </ALLLEDGERENTRIES.LIST>
                    </VOUCHER>
                </TALLYMESSAGE>
                <TALLYMESSAGE xmlns:UDF="TallyUDF">
                    <VOUCHER VCHTYPE="Receipt" ACTION="Create">
                        <DATE>20100204</DATE>
                        <VOUCHERTYPENAME>Receipt</VOUCHERTYPENAME>
                        <NARRATION>Mifos - GL Interface 2010-10-02 to 2010-10-05.xml</NARRATION>
                        <ALLLEDGERENTRIES.LIST>
                            <LEDGERNAME>11201</LEDGERNAME>
                            <ISDEEMEDPOSITIVE>Yes</ISDEEMEDPOSITIVE>
                            <AMOUNT>-096727.0000</AMOUNT>
                            <CATEGORYALLOCATIONS.LIST>
                                <CATEGORY>Primary Cost Category</CATEGORY>
                                <COSTCENTREALLOCATIONS.LIST>
                                    <NAME>ANILAO</NAME>
                                    <AMOUNT>-096727.0000</AMOUNT>
                                </COSTCENTREALLOCATIONS.LIST>
                            </CATEGORYALLOCATIONS.LIST>
                        </ALLLEDGERENTRIES.LIST>
                        <ALLLEDGERENTRIES.LIST>
                            <LEDGERNAME>12101</LEDGERNAME>
                            <ISDEEMEDPOSITIVE>No</ISDEEMEDPOSITIVE>
                            <AMOUNT>070293.0000</AMOUNT>
                            <CATEGORYALLOCATIONS.LIST>
                                <CATEGORY>Primary Cost Category</CATEGORY>
                                <COSTCENTREALLOCATIONS.LIST>
                                    <NAME>ANILAO</NAME>
                                    <AMOUNT>070293.0000</AMOUNT>
                                </COSTCENTREALLOCATIONS.LIST>
                            </CATEGORYALLOCATIONS.LIST>
                        </ALLLEDGERENTRIES.LIST>
                        <ALLLEDGERENTRIES.LIST>
                            <LEDGERNAME>21101</LEDGERNAME>
                            <ISDEEMEDPOSITIVE>No</ISDEEMEDPOSITIVE>
                            <AMOUNT>005505.0000</AMOUNT>
                            <CATEGORYALLOCATIONS.LIST>
                                <CATEGORY>Primary Cost Category</CATEGORY>
                                <COSTCENTREALLOCATIONS.LIST>
                                    <NAME>ANILAO</NAME>
                                    <AMOUNT>005505.0000</AMOUNT>
                                </COSTCENTREALLOCATIONS.LIST>
                            </CATEGORYALLOCATIONS.LIST>
                        </ALLLEDGERENTRIES.LIST>
                        <ALLLEDGERENTRIES.LIST>
                            <LEDGERNAME>21102</LEDGERNAME>
                            <ISDEEMEDPOSITIVE>No</ISDEEMEDPOSITIVE>
                            <AMOUNT>001587.0000</AMOUNT>
                            <CATEGORYALLOCATIONS.LIST>
                                <CATEGORY>Primary Cost Category</CATEGORY>
                                <COSTCENTREALLOCATIONS.LIST>
                                    <NAME>ANILAO</NAME>
                                    <AMOUNT>001587.0000</AMOUNT>
                                </COSTCENTREALLOCATIONS.LIST>
                            </CATEGORYALLOCATIONS.LIST>
                        </ALLLEDGERENTRIES.LIST>
                        <ALLLEDGERENTRIES.LIST>
                            <LEDGERNAME>31101</LEDGERNAME>
                            <ISDEEMEDPOSITIVE>No</ISDEEMEDPOSITIVE>
                            <AMOUNT>012549.0000</AMOUNT>
                            <CATEGORYALLOCATIONS.LIST>
                                <CATEGORY>Primary Cost Category</CATEGORY>
                                <COSTCENTREALLOCATIONS.LIST>
                                    <NAME>ANILAO</NAME>
                                    <AMOUNT>012549.0000</AMOUNT>
                                </COSTCENTREALLOCATIONS.LIST>
                            </CATEGORYALLOCATIONS.LIST>
                        </ALLLEDGERENTRIES.LIST>
                        <ALLLEDGERENTRIES.LIST>
                            <LEDGERNAME>31201</LEDGERNAME>
                            <ISDEEMEDPOSITIVE>No</ISDEEMEDPOSITIVE>
                            <AMOUNT>006793.0000</AMOUNT>
                            <CATEGORYALLOCATIONS.LIST>
                                <CATEGORY>Primary Cost Category</CATEGORY>
                                <COSTCENTREALLOCATIONS.LIST>
                                    <NAME>ANILAO</NAME>
                                    <AMOUNT>006793.0000</AMOUNT>
                                </COSTCENTREALLOCATIONS.LIST>
                            </CATEGORYALLOCATIONS.LIST>
                        </ALLLEDGERENTRIES.LIST>
                    </VOUCHER>
                </TALLYMESSAGE>
                <TALLYMESSAGE xmlns:UDF="TallyUDF">
                    <VOUCHER VCHTYPE="Journal" ACTION="Create">
                        <DATE>20100205</DATE>
                        <VOUCHERTYPENAME>Journal</VOUCHERTYPENAME>
                        <NARRATION>Mifos - GL Interface 2010-10-02 to 2010-10-05.xml</NARRATION>
                        <ALLLEDGERENTRIES.LIST>
                            <LEDGERNAME>21101</LEDGERNAME>
                            <ISDEEMEDPOSITIVE>No</ISDEEMEDPOSITIVE>
                            <AMOUNT>000033.0000</AMOUNT>
                            <CATEGORYALLOCATIONS.LIST>
                                <CATEGORY>Primary Cost Category</CATEGORY>
                                <COSTCENTREALLOCATIONS.LIST>
                                    <NAME>ANILAO</NAME>
                                    <AMOUNT>000033.0000</AMOUNT>
                                </COSTCENTREALLOCATIONS.LIST>
                            </CATEGORYALLOCATIONS.LIST>
                        </ALLLEDGERENTRIES.LIST>
                        <ALLLEDGERENTRIES.LIST>
                            <LEDGERNAME>41101</LEDGERNAME>
                            <ISDEEMEDPOSITIVE>Yes</ISDEEMEDPOSITIVE>
                            <AMOUNT>-000033.0000</AMOUNT>
                            <CATEGORYALLOCATIONS.LIST>
                                <CATEGORY>Primary Cost Category</CATEGORY>
                                <COSTCENTREALLOCATIONS.LIST>
                                    <NAME>ANILAO</NAME>
                                    <AMOUNT>-000033.0000</AMOUNT>
                                </COSTCENTREALLOCATIONS.LIST>
                            </CATEGORYALLOCATIONS.LIST>
                        </ALLLEDGERENTRIES.LIST>
                    </VOUCHER>
                </TALLYMESSAGE>
                <TALLYMESSAGE xmlns:UDF="TallyUDF">
                    <VOUCHER VCHTYPE="Payment" ACTION="Create">
                        <DATE>20100205</DATE>
                        <VOUCHERTYPENAME>Payment</VOUCHERTYPENAME>
                        <NARRATION>Mifos - GL Interface 2010-10-02 to 2010-10-05.xml</NARRATION>
                        <ALLLEDGERENTRIES.LIST>
                            <LEDGERNAME>21101</LEDGERNAME>
                            <ISDEEMEDPOSITIVE>Yes</ISDEEMEDPOSITIVE>
                            <AMOUNT>-010052.0000</AMOUNT>
                            <CATEGORYALLOCATIONS.LIST>
                                <CATEGORY>Primary Cost Category</CATEGORY>
                                <COSTCENTREALLOCATIONS.LIST>
                                    <NAME>ANILAO</NAME>
                                    <AMOUNT>-010052.0000</AMOUNT>
                                </COSTCENTREALLOCATIONS.LIST>
                            </CATEGORYALLOCATIONS.LIST>
                        </ALLLEDGERENTRIES.LIST>
                        <ALLLEDGERENTRIES.LIST>
                            <LEDGERNAME>11201</LEDGERNAME>
                            <ISDEEMEDPOSITIVE>No</ISDEEMEDPOSITIVE>
                            <AMOUNT>010052.0000</AMOUNT>
                            <CATEGORYALLOCATIONS.LIST>
                                <CATEGORY>Primary Cost Category</CATEGORY>
                                <COSTCENTREALLOCATIONS.LIST>
                                    <NAME>ANILAO</NAME>
                                    <AMOUNT>010052.0000</AMOUNT>
                                </COSTCENTREALLOCATIONS.LIST>
                            </CATEGORYALLOCATIONS.LIST>
                        </ALLLEDGERENTRIES.LIST>
                    </VOUCHER>
                </TALLYMESSAGE>
                <TALLYMESSAGE xmlns:UDF="TallyUDF">
                    <VOUCHER VCHTYPE="Receipt" ACTION="Create">
                        <DATE>20100205</DATE>
                        <VOUCHERTYPENAME>Receipt</VOUCHERTYPENAME>
                        <NARRATION>Mifos - GL Interface 2010-10-02 to 2010-10-05.xml</NARRATION>
                        <ALLLEDGERENTRIES.LIST>
                            <LEDGERNAME>11201</LEDGERNAME>
                            <ISDEEMEDPOSITIVE>Yes</ISDEEMEDPOSITIVE>
                            <AMOUNT>-009512.0000</AMOUNT>
                            <CATEGORYALLOCATIONS.LIST>
                                <CATEGORY>Primary Cost Category</CATEGORY>
                                <COSTCENTREALLOCATIONS.LIST>
                                    <NAME>ANILAO</NAME>
                                    <AMOUNT>-009512.0000</AMOUNT>
                                </COSTCENTREALLOCATIONS.LIST>
                            </CATEGORYALLOCATIONS.LIST>
                        </ALLLEDGERENTRIES.LIST>
                        <ALLLEDGERENTRIES.LIST>
                            <LEDGERNAME>21101</LEDGERNAME>
                            <ISDEEMEDPOSITIVE>No</ISDEEMEDPOSITIVE>
                            <AMOUNT>009100.0000</AMOUNT>
                            <CATEGORYALLOCATIONS.LIST>
                                <CATEGORY>Primary Cost Category</CATEGORY>
                                <COSTCENTREALLOCATIONS.LIST>
                                    <NAME>ANILAO</NAME>
                                    <AMOUNT>009100.0000</AMOUNT>
                                </COSTCENTREALLOCATIONS.LIST>
                            </CATEGORYALLOCATIONS.LIST>
                        </ALLLEDGERENTRIES.LIST>
                        <ALLLEDGERENTRIES.LIST>
                            <LEDGERNAME>21102</LEDGERNAME>
                            <ISDEEMEDPOSITIVE>No</ISDEEMEDPOSITIVE>
                            <AMOUNT>000412.0000</AMOUNT>
                            <CATEGORYALLOCATIONS.LIST>
                                <CATEGORY>Primary Cost Category</CATEGORY>
                                <COSTCENTREALLOCATIONS.LIST>
                                    <NAME>ANILAO</NAME>
                                    <AMOUNT>000412.0000</AMOUNT>
                                </COSTCENTREALLOCATIONS.LIST>
                            </CATEGORYALLOCATIONS.LIST>
                        </ALLLEDGERENTRIES.LIST>
                    </VOUCHER>
                </TALLYMESSAGE>
                <TALLYMESSAGE xmlns:UDF="TallyUDF">
                    <VOUCHER VCHTYPE="Payment" ACTION="Create">
                        <DATE>20100208</DATE>
                        <VOUCHERTYPENAME>Payment</VOUCHERTYPENAME>
                        <NARRATION>Mifos - GL Interface 2010-10-02 to 2010-10-05.xml</NARRATION>
                        <ALLLEDGERENTRIES.LIST>
                            <LEDGERNAME>21101</LEDGERNAME>
                            <ISDEEMEDPOSITIVE>Yes</ISDEEMEDPOSITIVE>
                            <AMOUNT>-002185.0000</AMOUNT>
                            <CATEGORYALLOCATIONS.LIST>
                                <CATEGORY>Primary Cost Category</CATEGORY>
                                <COSTCENTREALLOCATIONS.LIST>
                                    <NAME>ANILAO</NAME>
                                    <AMOUNT>-002185.0000</AMOUNT>
                                </COSTCENTREALLOCATIONS.LIST>
                            </CATEGORYALLOCATIONS.LIST>
                        </ALLLEDGERENTRIES.LIST>
                        <ALLLEDGERENTRIES.LIST>
                            <LEDGERNAME>21102</LEDGERNAME>
                            <ISDEEMEDPOSITIVE>Yes</ISDEEMEDPOSITIVE>
                            <AMOUNT>-002291.0000</AMOUNT>
                            <CATEGORYALLOCATIONS.LIST>
                                <CATEGORY>Primary Cost Category</CATEGORY>
                                <COSTCENTREALLOCATIONS.LIST>
                                    <NAME>ANILAO</NAME>
                                    <AMOUNT>-002291.0000</AMOUNT>
                                </COSTCENTREALLOCATIONS.LIST>
                            </CATEGORYALLOCATIONS.LIST>
                        </ALLLEDGERENTRIES.LIST>
                        <ALLLEDGERENTRIES.LIST>
                            <LEDGERNAME>11201</LEDGERNAME>
                            <ISDEEMEDPOSITIVE>No</ISDEEMEDPOSITIVE>
                            <AMOUNT>004476.0000</AMOUNT>
                            <CATEGORYALLOCATIONS.LIST>
                                <CATEGORY>Primary Cost Category</CATEGORY>
                                <COSTCENTREALLOCATIONS.LIST>
                                    <NAME>ANILAO</NAME>
                                    <AMOUNT>004476.0000</AMOUNT>
                                </COSTCENTREALLOCATIONS.LIST>
                            </CATEGORYALLOCATIONS.LIST>
                        </ALLLEDGERENTRIES.LIST>
                    </VOUCHER>
                </TALLYMESSAGE>
                <TALLYMESSAGE xmlns:UDF="TallyUDF">
                    <VOUCHER VCHTYPE="Receipt" ACTION="Create">
                        <DATE>20100208</DATE>
                        <VOUCHERTYPENAME>Receipt</VOUCHERTYPENAME>
                        <NARRATION>Mifos - GL Interface 2010-10-02 to 2010-10-05.xml</NARRATION>
                        <ALLLEDGERENTRIES.LIST>
                            <LEDGERNAME>11201</LEDGERNAME>
                            <ISDEEMEDPOSITIVE>Yes</ISDEEMEDPOSITIVE>
                            <AMOUNT>-224335.0000</AMOUNT>
                            <CATEGORYALLOCATIONS.LIST>
                                <CATEGORY>Primary Cost Category</CATEGORY>
                                <COSTCENTREALLOCATIONS.LIST>
                                    <NAME>ANILAO</NAME>
                                    <AMOUNT>-224335.0000</AMOUNT>
                                </COSTCENTREALLOCATIONS.LIST>
                            </CATEGORYALLOCATIONS.LIST>
                        </ALLLEDGERENTRIES.LIST>
                        <ALLLEDGERENTRIES.LIST>
                            <LEDGERNAME>12101</LEDGERNAME>
                            <ISDEEMEDPOSITIVE>No</ISDEEMEDPOSITIVE>
                            <AMOUNT>174755.0000</AMOUNT>
                            <CATEGORYALLOCATIONS.LIST>
                                <CATEGORY>Primary Cost Category</CATEGORY>
                                <COSTCENTREALLOCATIONS.LIST>
                                    <NAME>ANILAO</NAME>
                                    <AMOUNT>174755.0000</AMOUNT>
                                </COSTCENTREALLOCATIONS.LIST>
                            </CATEGORYALLOCATIONS.LIST>
                        </ALLLEDGERENTRIES.LIST>
                        <ALLLEDGERENTRIES.LIST>
                            <LEDGERNAME>21101</LEDGERNAME>
                            <ISDEEMEDPOSITIVE>No</ISDEEMEDPOSITIVE>
                            <AMOUNT>007030.0000</AMOUNT>
                            <CATEGORYALLOCATIONS.LIST>
                                <CATEGORY>Primary Cost Category</CATEGORY>
                                <COSTCENTREALLOCATIONS.LIST>
                                    <NAME>ANILAO</NAME>
                                    <AMOUNT>007030.0000</AMOUNT>
                                </COSTCENTREALLOCATIONS.LIST>
                            </CATEGORYALLOCATIONS.LIST>
                        </ALLLEDGERENTRIES.LIST>
                        <ALLLEDGERENTRIES.LIST>
                            <LEDGERNAME>21102</LEDGERNAME>
                            <ISDEEMEDPOSITIVE>No</ISDEEMEDPOSITIVE>
                            <AMOUNT>002394.0000</AMOUNT>
                            <CATEGORYALLOCATIONS.LIST>
                                <CATEGORY>Primary Cost Category</CATEGORY>
                                <COSTCENTREALLOCATIONS.LIST>
                                    <NAME>ANILAO</NAME>
                                    <AMOUNT>002394.0000</AMOUNT>
                                </COSTCENTREALLOCATIONS.LIST>
                            </CATEGORYALLOCATIONS.LIST>
                        </ALLLEDGERENTRIES.LIST>
                        <ALLLEDGERENTRIES.LIST>
                            <LEDGERNAME>31101</LEDGERNAME>
                            <ISDEEMEDPOSITIVE>No</ISDEEMEDPOSITIVE>
                            <AMOUNT>032162.0000</AMOUNT>
                            <CATEGORYALLOCATIONS.LIST>
                                <CATEGORY>Primary Cost Category</CATEGORY>
                                <COSTCENTREALLOCATIONS.LIST>
                                    <NAME>ANILAO</NAME>
                                    <AMOUNT>032162.0000</AMOUNT>
                                </COSTCENTREALLOCATIONS.LIST>
                            </CATEGORYALLOCATIONS.LIST>
                        </ALLLEDGERENTRIES.LIST>
                        <ALLLEDGERENTRIES.LIST>
                            <LEDGERNAME>31201</LEDGERNAME>
                            <ISDEEMEDPOSITIVE>No</ISDEEMEDPOSITIVE>
                            <AMOUNT>007994.0000</AMOUNT>
                            <CATEGORYALLOCATIONS.LIST>
                                <CATEGORY>Primary Cost Category</CATEGORY>
                                <COSTCENTREALLOCATIONS.LIST>
                                    <NAME>ANILAO</NAME>
                                    <AMOUNT>007994.0000</AMOUNT>
                                </COSTCENTREALLOCATIONS.LIST>
                            </CATEGORYALLOCATIONS.LIST>
                        </ALLLEDGERENTRIES.LIST>
                    </VOUCHER>
                </TALLYMESSAGE>
                <TALLYMESSAGE xmlns:UDF="TallyUDF">
                    <VOUCHER VCHTYPE="Journal" ACTION="Create">
                        <DATE>20100209</DATE>
                        <VOUCHERTYPENAME>Journal</VOUCHERTYPENAME>
                        <NARRATION>Mifos - GL Interface 2010-10-02 to 2010-10-05.xml</NARRATION>
                        <ALLLEDGERENTRIES.LIST>
                            <LEDGERNAME>11201</LEDGERNAME>
                            <ISDEEMEDPOSITIVE>No</ISDEEMEDPOSITIVE>
                            <AMOUNT>000010.0000</AMOUNT>
                            <CATEGORYALLOCATIONS.LIST>
                                <CATEGORY>Primary Cost Category</CATEGORY>
                                <COSTCENTREALLOCATIONS.LIST>
                                    <NAME>ANILAO</NAME>
                                    <AMOUNT>000010.0000</AMOUNT>
                                </COSTCENTREALLOCATIONS.LIST>
                            </CATEGORYALLOCATIONS.LIST>
                        </ALLLEDGERENTRIES.LIST>
                        <ALLLEDGERENTRIES.LIST>
                            <LEDGERNAME>21101</LEDGERNAME>
                            <ISDEEMEDPOSITIVE>Yes</ISDEEMEDPOSITIVE>
                            <AMOUNT>-000010.0000</AMOUNT>
                            <CATEGORYALLOCATIONS.LIST>
                                <CATEGORY>Primary Cost Category</CATEGORY>
                                <COSTCENTREALLOCATIONS.LIST>
                                    <NAME>ANILAO</NAME>
                                    <AMOUNT>-000010.0000</AMOUNT>
                                </COSTCENTREALLOCATIONS.LIST>
                            </CATEGORYALLOCATIONS.LIST>
                        </ALLLEDGERENTRIES.LIST>
                    </VOUCHER>
                </TALLYMESSAGE>
                <TALLYMESSAGE xmlns:UDF="TallyUDF">
                    <VOUCHER VCHTYPE="Payment" ACTION="Create">
                        <DATE>20100209</DATE>
                        <VOUCHERTYPENAME>Payment</VOUCHERTYPENAME>
                        <NARRATION>Mifos - GL Interface 2010-10-02 to 2010-10-05.xml</NARRATION>
                        <ALLLEDGERENTRIES.LIST>
                            <LEDGERNAME>21101</LEDGERNAME>
                            <ISDEEMEDPOSITIVE>Yes</ISDEEMEDPOSITIVE>
                            <AMOUNT>-000700.0000</AMOUNT>
                            <CATEGORYALLOCATIONS.LIST>
                                <CATEGORY>Primary Cost Category</CATEGORY>
                                <COSTCENTREALLOCATIONS.LIST>
                                    <NAME>ANILAO</NAME>
                                    <AMOUNT>-000700.0000</AMOUNT>
                                </COSTCENTREALLOCATIONS.LIST>
                            </CATEGORYALLOCATIONS.LIST>
                        </ALLLEDGERENTRIES.LIST>
                        <ALLLEDGERENTRIES.LIST>
                            <LEDGERNAME>21102</LEDGERNAME>
                            <ISDEEMEDPOSITIVE>Yes</ISDEEMEDPOSITIVE>
                            <AMOUNT>-001362.0000</AMOUNT>
                            <CATEGORYALLOCATIONS.LIST>
                                <CATEGORY>Primary Cost Category</CATEGORY>
                                <COSTCENTREALLOCATIONS.LIST>
                                    <NAME>ANILAO</NAME>
                                    <AMOUNT>-001362.0000</AMOUNT>
                                </COSTCENTREALLOCATIONS.LIST>
                            </CATEGORYALLOCATIONS.LIST>
                        </ALLLEDGERENTRIES.LIST>
                        <ALLLEDGERENTRIES.LIST>
                            <LEDGERNAME>11201</LEDGERNAME>
                            <ISDEEMEDPOSITIVE>No</ISDEEMEDPOSITIVE>
                            <AMOUNT>002062.0000</AMOUNT>
                            <CATEGORYALLOCATIONS.LIST>
                                <CATEGORY>Primary Cost Category</CATEGORY>
                                <COSTCENTREALLOCATIONS.LIST>
                                    <NAME>ANILAO</NAME>
                                    <AMOUNT>002062.0000</AMOUNT>
                                </COSTCENTREALLOCATIONS.LIST>
                            </CATEGORYALLOCATIONS.LIST>
                        </ALLLEDGERENTRIES.LIST>
                    </VOUCHER>
                </TALLYMESSAGE>
                <TALLYMESSAGE xmlns:UDF="TallyUDF">
                    <VOUCHER VCHTYPE="Receipt" ACTION="Create">
                        <DATE>20100209</DATE>
                        <VOUCHERTYPENAME>Receipt</VOUCHERTYPENAME>
                        <NARRATION>Mifos - GL Interface 2010-10-02 to 2010-10-05.xml</NARRATION>
                        <ALLLEDGERENTRIES.LIST>
                            <LEDGERNAME>11201</LEDGERNAME>
                            <ISDEEMEDPOSITIVE>Yes</ISDEEMEDPOSITIVE>
                            <AMOUNT>-063596.0000</AMOUNT>
                            <CATEGORYALLOCATIONS.LIST>
                                <CATEGORY>Primary Cost Category</CATEGORY>
                                <COSTCENTREALLOCATIONS.LIST>
                                    <NAME>ANILAO</NAME>
                                    <AMOUNT>-063596.0000</AMOUNT>
                                </COSTCENTREALLOCATIONS.LIST>
                            </CATEGORYALLOCATIONS.LIST>
                        </ALLLEDGERENTRIES.LIST>
                        <ALLLEDGERENTRIES.LIST>
                            <LEDGERNAME>12101</LEDGERNAME>
                            <ISDEEMEDPOSITIVE>No</ISDEEMEDPOSITIVE>
                            <AMOUNT>047449.0000</AMOUNT>
                            <CATEGORYALLOCATIONS.LIST>
                                <CATEGORY>Primary Cost Category</CATEGORY>
                                <COSTCENTREALLOCATIONS.LIST>
                                    <NAME>ANILAO</NAME>
                                    <AMOUNT>047449.0000</AMOUNT>
                                </COSTCENTREALLOCATIONS.LIST>
                            </CATEGORYALLOCATIONS.LIST>
                        </ALLLEDGERENTRIES.LIST>
                        <ALLLEDGERENTRIES.LIST>
                            <LEDGERNAME>21101</LEDGERNAME>
                            <ISDEEMEDPOSITIVE>No</ISDEEMEDPOSITIVE>
                            <AMOUNT>003280.0000</AMOUNT>
                            <CATEGORYALLOCATIONS.LIST>
                                <CATEGORY>Primary Cost Category</CATEGORY>
                                <COSTCENTREALLOCATIONS.LIST>
                                    <NAME>ANILAO</NAME>
                                    <AMOUNT>003280.0000</AMOUNT>
                                </COSTCENTREALLOCATIONS.LIST>
                            </CATEGORYALLOCATIONS.LIST>
                        </ALLLEDGERENTRIES.LIST>
                        <ALLLEDGERENTRIES.LIST>
                            <LEDGERNAME>21102</LEDGERNAME>
                            <ISDEEMEDPOSITIVE>No</ISDEEMEDPOSITIVE>
                            <AMOUNT>001695.0000</AMOUNT>
                            <CATEGORYALLOCATIONS.LIST>
                                <CATEGORY>Primary Cost Category</CATEGORY>
                                <COSTCENTREALLOCATIONS.LIST>
                                    <NAME>ANILAO</NAME>
                                    <AMOUNT>001695.0000</AMOUNT>
                                </COSTCENTREALLOCATIONS.LIST>
                            </CATEGORYALLOCATIONS.LIST>
                        </ALLLEDGERENTRIES.LIST>
                        <ALLLEDGERENTRIES.LIST>
                            <LEDGERNAME>31101</LEDGERNAME>
                            <ISDEEMEDPOSITIVE>No</ISDEEMEDPOSITIVE>
                            <AMOUNT>008162.0000</AMOUNT>
                            <CATEGORYALLOCATIONS.LIST>
                                <CATEGORY>Primary Cost Category</CATEGORY>
                                <COSTCENTREALLOCATIONS.LIST>
                                    <NAME>ANILAO</NAME>
                                    <AMOUNT>008162.0000</AMOUNT>
                                </COSTCENTREALLOCATIONS.LIST>
                            </CATEGORYALLOCATIONS.LIST>
                        </ALLLEDGERENTRIES.LIST>
                        <ALLLEDGERENTRIES.LIST>
                            <LEDGERNAME>31201</LEDGERNAME>
                            <ISDEEMEDPOSITIVE>No</ISDEEMEDPOSITIVE>
                            <AMOUNT>003010.0000</AMOUNT>
                            <CATEGORYALLOCATIONS.LIST>
                                <CATEGORY>Primary Cost Category</CATEGORY>
                                <COSTCENTREALLOCATIONS.LIST>
                                    <NAME>ANILAO</NAME>
                                    <AMOUNT>003010.0000</AMOUNT>
                                </COSTCENTREALLOCATIONS.LIST>
                            </CATEGORYALLOCATIONS.LIST>
                        </ALLLEDGERENTRIES.LIST>
                    </VOUCHER>
                </TALLYMESSAGE>
                <TALLYMESSAGE xmlns:UDF="TallyUDF">
                    <VOUCHER VCHTYPE="Journal" ACTION="Create">
                        <DATE>20100210</DATE>
                        <VOUCHERTYPENAME>Journal</VOUCHERTYPENAME>
                        <NARRATION>Mifos - GL Interface 2010-10-02 to 2010-10-05.xml</NARRATION>
                        <ALLLEDGERENTRIES.LIST>
                            <LEDGERNAME>21101</LEDGERNAME>
                            <ISDEEMEDPOSITIVE>No</ISDEEMEDPOSITIVE>
                            <AMOUNT>000094.0000</AMOUNT>
                            <CATEGORYALLOCATIONS.LIST>
                                <CATEGORY>Primary Cost Category</CATEGORY>
                                <COSTCENTREALLOCATIONS.LIST>
                                    <NAME>ANILAO</NAME>
                                    <AMOUNT>000094.0000</AMOUNT>
                                </COSTCENTREALLOCATIONS.LIST>
                            </CATEGORYALLOCATIONS.LIST>
                        </ALLLEDGERENTRIES.LIST>
                        <ALLLEDGERENTRIES.LIST>
                            <LEDGERNAME>41101</LEDGERNAME>
                            <ISDEEMEDPOSITIVE>Yes</ISDEEMEDPOSITIVE>
                            <AMOUNT>-000094.0000</AMOUNT>
                            <CATEGORYALLOCATIONS.LIST>
                                <CATEGORY>Primary Cost Category</CATEGORY>
                                <COSTCENTREALLOCATIONS.LIST>
                                    <NAME>ANILAO</NAME>
                                    <AMOUNT>-000094.0000</AMOUNT>
                                </COSTCENTREALLOCATIONS.LIST>
                            </CATEGORYALLOCATIONS.LIST>
                        </ALLLEDGERENTRIES.LIST>
                    </VOUCHER>
                </TALLYMESSAGE>
                <TALLYMESSAGE xmlns:UDF="TallyUDF">
                    <VOUCHER VCHTYPE="Payment" ACTION="Create">
                        <DATE>20100210</DATE>
                        <VOUCHERTYPENAME>Payment</VOUCHERTYPENAME>
                        <NARRATION>Mifos - GL Interface 2010-10-02 to 2010-10-05.xml</NARRATION>
                        <ALLLEDGERENTRIES.LIST>
                            <LEDGERNAME>21101</LEDGERNAME>
                            <ISDEEMEDPOSITIVE>Yes</ISDEEMEDPOSITIVE>
                            <AMOUNT>-016980.0000</AMOUNT>
                            <CATEGORYALLOCATIONS.LIST>
                                <CATEGORY>Primary Cost Category</CATEGORY>
                                <COSTCENTREALLOCATIONS.LIST>
                                    <NAME>ANILAO</NAME>
                                    <AMOUNT>-016980.0000</AMOUNT>
                                </COSTCENTREALLOCATIONS.LIST>
                            </CATEGORYALLOCATIONS.LIST>
                        </ALLLEDGERENTRIES.LIST>
                        <ALLLEDGERENTRIES.LIST>
                            <LEDGERNAME>21102</LEDGERNAME>
                            <ISDEEMEDPOSITIVE>Yes</ISDEEMEDPOSITIVE>
                            <AMOUNT>-000192.0000</AMOUNT>
                            <CATEGORYALLOCATIONS.LIST>
                                <CATEGORY>Primary Cost Category</CATEGORY>
                                <COSTCENTREALLOCATIONS.LIST>
                                    <NAME>ANILAO</NAME>
                                    <AMOUNT>-000192.0000</AMOUNT>
                                </COSTCENTREALLOCATIONS.LIST>
                            </CATEGORYALLOCATIONS.LIST>
                        </ALLLEDGERENTRIES.LIST>
                        <ALLLEDGERENTRIES.LIST>
                            <LEDGERNAME>11201</LEDGERNAME>
                            <ISDEEMEDPOSITIVE>No</ISDEEMEDPOSITIVE>
                            <AMOUNT>017172.0000</AMOUNT>
                            <CATEGORYALLOCATIONS.LIST>
                                <CATEGORY>Primary Cost Category</CATEGORY>
                                <COSTCENTREALLOCATIONS.LIST>
                                    <NAME>ANILAO</NAME>
                                    <AMOUNT>017172.0000</AMOUNT>
                                </COSTCENTREALLOCATIONS.LIST>
                            </CATEGORYALLOCATIONS.LIST>
                        </ALLLEDGERENTRIES.LIST>
                    </VOUCHER>
                </TALLYMESSAGE>
                <TALLYMESSAGE xmlns:UDF="TallyUDF">
                    <VOUCHER VCHTYPE="Receipt" ACTION="Create">
                        <DATE>20100210</DATE>
                        <VOUCHERTYPENAME>Receipt</VOUCHERTYPENAME>
                        <NARRATION>Mifos - GL Interface 2010-10-02 to 2010-10-05.xml</NARRATION>
                        <ALLLEDGERENTRIES.LIST>
                            <LEDGERNAME>11201</LEDGERNAME>
                            <ISDEEMEDPOSITIVE>Yes</ISDEEMEDPOSITIVE>
                            <AMOUNT>-014109.0000</AMOUNT>
                            <CATEGORYALLOCATIONS.LIST>
                                <CATEGORY>Primary Cost Category</CATEGORY>
                                <COSTCENTREALLOCATIONS.LIST>
                                    <NAME>ANILAO</NAME>
                                    <AMOUNT>-014109.0000</AMOUNT>
                                </COSTCENTREALLOCATIONS.LIST>
                            </CATEGORYALLOCATIONS.LIST>
                        </ALLLEDGERENTRIES.LIST>
                        <ALLLEDGERENTRIES.LIST>
                            <LEDGERNAME>12101</LEDGERNAME>
                            <ISDEEMEDPOSITIVE>No</ISDEEMEDPOSITIVE>
                            <AMOUNT>011137.0000</AMOUNT>
                            <CATEGORYALLOCATIONS.LIST>
                                <CATEGORY>Primary Cost Category</CATEGORY>
                                <COSTCENTREALLOCATIONS.LIST>
                                    <NAME>ANILAO</NAME>
                                    <AMOUNT>011137.0000</AMOUNT>
                                </COSTCENTREALLOCATIONS.LIST>
                            </CATEGORYALLOCATIONS.LIST>
                        </ALLLEDGERENTRIES.LIST>
                        <ALLLEDGERENTRIES.LIST>
                            <LEDGERNAME>21101</LEDGERNAME>
                            <ISDEEMEDPOSITIVE>No</ISDEEMEDPOSITIVE>
                            <AMOUNT>000420.0000</AMOUNT>
                            <CATEGORYALLOCATIONS.LIST>
                                <CATEGORY>Primary Cost Category</CATEGORY>
                                <COSTCENTREALLOCATIONS.LIST>
                                    <NAME>ANILAO</NAME>
                                    <AMOUNT>000420.0000</AMOUNT>
                                </COSTCENTREALLOCATIONS.LIST>
                            </CATEGORYALLOCATIONS.LIST>
                        </ALLLEDGERENTRIES.LIST>
                        <ALLLEDGERENTRIES.LIST>
                            <LEDGERNAME>21102</LEDGERNAME>
                            <ISDEEMEDPOSITIVE>No</ISDEEMEDPOSITIVE>
                            <AMOUNT>000069.0000</AMOUNT>
                            <CATEGORYALLOCATIONS.LIST>
                                <CATEGORY>Primary Cost Category</CATEGORY>
                                <COSTCENTREALLOCATIONS.LIST>
                                    <NAME>ANILAO</NAME>
                                    <AMOUNT>000069.0000</AMOUNT>
                                </COSTCENTREALLOCATIONS.LIST>
                            </CATEGORYALLOCATIONS.LIST>
                        </ALLLEDGERENTRIES.LIST>
                        <ALLLEDGERENTRIES.LIST>
                            <LEDGERNAME>31101</LEDGERNAME>
                            <ISDEEMEDPOSITIVE>No</ISDEEMEDPOSITIVE>
                            <AMOUNT>001971.0000</AMOUNT>
                            <CATEGORYALLOCATIONS.LIST>
                                <CATEGORY>Primary Cost Category</CATEGORY>
                                <COSTCENTREALLOCATIONS.LIST>
                                    <NAME>ANILAO</NAME>
                                    <AMOUNT>001971.0000</AMOUNT>
                                </COSTCENTREALLOCATIONS.LIST>
                            </CATEGORYALLOCATIONS.LIST>
                        </ALLLEDGERENTRIES.LIST>
                        <ALLLEDGERENTRIES.LIST>
                            <LEDGERNAME>31201</LEDGERNAME>
                            <ISDEEMEDPOSITIVE>No</ISDEEMEDPOSITIVE>
                            <AMOUNT>000512.0000</AMOUNT>
                            <CATEGORYALLOCATIONS.LIST>
                                <CATEGORY>Primary Cost Category</CATEGORY>
                                <COSTCENTREALLOCATIONS.LIST>
                                    <NAME>ANILAO</NAME>
                                    <AMOUNT>000512.0000</AMOUNT>
                                </COSTCENTREALLOCATIONS.LIST>
                            </CATEGORYALLOCATIONS.LIST>
                        </ALLLEDGERENTRIES.LIST>
                    </VOUCHER>
                </TALLYMESSAGE>
                <TALLYMESSAGE xmlns:UDF="TallyUDF">
                    <VOUCHER VCHTYPE="Journal" ACTION="Create">
                        <DATE>20100106</DATE>
                        <VOUCHERTYPENAME>Journal</VOUCHERTYPENAME>
                        <NARRATION>Mifos - GL Interface 2010-10-02 to 2010-10-05.xml</NARRATION>
                        <ALLLEDGERENTRIES.LIST>
                            <LEDGERNAME>11201</LEDGERNAME>
                            <ISDEEMEDPOSITIVE>No</ISDEEMEDPOSITIVE>
                            <AMOUNT>000160.0000</AMOUNT>
                            <CATEGORYALLOCATIONS.LIST>
                                <CATEGORY>Primary Cost Category</CATEGORY>
                                <COSTCENTREALLOCATIONS.LIST>
                                    <NAME>MIAG-AO</NAME>
                                    <AMOUNT>000160.0000</AMOUNT>
                                </COSTCENTREALLOCATIONS.LIST>
                            </CATEGORYALLOCATIONS.LIST>
                        </ALLLEDGERENTRIES.LIST>
                        <ALLLEDGERENTRIES.LIST>
                            <LEDGERNAME>21102</LEDGERNAME>
                            <ISDEEMEDPOSITIVE>Yes</ISDEEMEDPOSITIVE>
                            <AMOUNT>-000160.0000</AMOUNT>
                            <CATEGORYALLOCATIONS.LIST>
                                <CATEGORY>Primary Cost Category</CATEGORY>
                                <COSTCENTREALLOCATIONS.LIST>
                                    <NAME>MIAG-AO</NAME>
                                    <AMOUNT>-000160.0000</AMOUNT>
                                </COSTCENTREALLOCATIONS.LIST>
                            </CATEGORYALLOCATIONS.LIST>
                        </ALLLEDGERENTRIES.LIST>
                    </VOUCHER>
                </TALLYMESSAGE>
                <TALLYMESSAGE xmlns:UDF="TallyUDF">
                    <VOUCHER VCHTYPE="Receipt" ACTION="Create">
                        <DATE>20100106</DATE>
                        <VOUCHERTYPENAME>Receipt</VOUCHERTYPENAME>
                        <NARRATION>Mifos - GL Interface 2010-10-02 to 2010-10-05.xml</NARRATION>
                        <ALLLEDGERENTRIES.LIST>
                            <LEDGERNAME>11201</LEDGERNAME>
                            <ISDEEMEDPOSITIVE>Yes</ISDEEMEDPOSITIVE>
                            <AMOUNT>-000150.0000</AMOUNT>
                            <CATEGORYALLOCATIONS.LIST>
                                <CATEGORY>Primary Cost Category</CATEGORY>
                                <COSTCENTREALLOCATIONS.LIST>
                                    <NAME>MIAG-AO</NAME>
                                    <AMOUNT>-000150.0000</AMOUNT>
                                </COSTCENTREALLOCATIONS.LIST>
                            </CATEGORYALLOCATIONS.LIST>
                        </ALLLEDGERENTRIES.LIST>
                        <ALLLEDGERENTRIES.LIST>
                            <LEDGERNAME>21102</LEDGERNAME>
                            <ISDEEMEDPOSITIVE>No</ISDEEMEDPOSITIVE>
                            <AMOUNT>000150.0000</AMOUNT>
                            <CATEGORYALLOCATIONS.LIST>
                                <CATEGORY>Primary Cost Category</CATEGORY>
                                <COSTCENTREALLOCATIONS.LIST>
                                    <NAME>MIAG-AO</NAME>
                                    <AMOUNT>000150.0000</AMOUNT>
                                </COSTCENTREALLOCATIONS.LIST>
                            </CATEGORYALLOCATIONS.LIST>
                        </ALLLEDGERENTRIES.LIST>
                    </VOUCHER>
                </TALLYMESSAGE>
                <TALLYMESSAGE xmlns:UDF="TallyUDF">
                    <VOUCHER VCHTYPE="Payment" ACTION="Create">
                        <DATE>20100127</DATE>
                        <VOUCHERTYPENAME>Payment</VOUCHERTYPENAME>
                        <NARRATION>Mifos - GL Interface 2010-10-02 to 2010-10-05.xml</NARRATION>
                        <ALLLEDGERENTRIES.LIST>
                            <LEDGERNAME>11201</LEDGERNAME>
                            <ISDEEMEDPOSITIVE>Yes</ISDEEMEDPOSITIVE>
                            <AMOUNT>-020000.0000</AMOUNT>
                            <CATEGORYALLOCATIONS.LIST>
                                <CATEGORY>Primary Cost Category</CATEGORY>
                                <COSTCENTREALLOCATIONS.LIST>
                                    <NAME>MIAG-AO</NAME>
                                    <AMOUNT>-020000.0000</AMOUNT>
                                </COSTCENTREALLOCATIONS.LIST>
                            </CATEGORYALLOCATIONS.LIST>
                        </ALLLEDGERENTRIES.LIST>
                        <ALLLEDGERENTRIES.LIST>
                            <LEDGERNAME>12101</LEDGERNAME>
                            <ISDEEMEDPOSITIVE>Yes</ISDEEMEDPOSITIVE>
                            <AMOUNT>-020000.0000</AMOUNT>
                            <CATEGORYALLOCATIONS.LIST>
                                <CATEGORY>Primary Cost Category</CATEGORY>
                                <COSTCENTREALLOCATIONS.LIST>
                                    <NAME>MIAG-AO</NAME>
                                    <AMOUNT>-020000.0000</AMOUNT>
                                </COSTCENTREALLOCATIONS.LIST>
                            </CATEGORYALLOCATIONS.LIST>
                        </ALLLEDGERENTRIES.LIST>
                        <ALLLEDGERENTRIES.LIST>
                            <LEDGERNAME>11201</LEDGERNAME>
                            <ISDEEMEDPOSITIVE>No</ISDEEMEDPOSITIVE>
                            <AMOUNT>020000.0000</AMOUNT>
                            <CATEGORYALLOCATIONS.LIST>
                                <CATEGORY>Primary Cost Category</CATEGORY>
                                <COSTCENTREALLOCATIONS.LIST>
                                    <NAME>MIAG-AO</NAME>
                                    <AMOUNT>020000.0000</AMOUNT>
                                </COSTCENTREALLOCATIONS.LIST>
                            </CATEGORYALLOCATIONS.LIST>
                        </ALLLEDGERENTRIES.LIST>
                        <ALLLEDGERENTRIES.LIST>
                            <LEDGERNAME>12101</LEDGERNAME>
                            <ISDEEMEDPOSITIVE>No</ISDEEMEDPOSITIVE>
                            <AMOUNT>020000.0000</AMOUNT>
                            <CATEGORYALLOCATIONS.LIST>
                                <CATEGORY>Primary Cost Category</CATEGORY>
                                <COSTCENTREALLOCATIONS.LIST>
                                    <NAME>MIAG-AO</NAME>
                                    <AMOUNT>020000.0000</AMOUNT>
                                </COSTCENTREALLOCATIONS.LIST>
                            </CATEGORYALLOCATIONS.LIST>
                        </ALLLEDGERENTRIES.LIST>
                    </VOUCHER>
                </TALLYMESSAGE>
                <TALLYMESSAGE xmlns:UDF="TallyUDF">
                    <VOUCHER VCHTYPE="Receipt" ACTION="Create">
                        <DATE>20100127</DATE>
                        <VOUCHERTYPENAME>Receipt</VOUCHERTYPENAME>
                        <NARRATION>Mifos - GL Interface 2010-10-02 to 2010-10-05.xml</NARRATION>
                        <ALLLEDGERENTRIES.LIST>
                            <LEDGERNAME>11201</LEDGERNAME>
                            <ISDEEMEDPOSITIVE>No</ISDEEMEDPOSITIVE>
                            <AMOUNT>000600.0000</AMOUNT>
                            <CATEGORYALLOCATIONS.LIST>
                                <CATEGORY>Primary Cost Category</CATEGORY>
                                <COSTCENTREALLOCATIONS.LIST>
                                    <NAME>MIAG-AO</NAME>
                                    <AMOUNT>000600.0000</AMOUNT>
                                </COSTCENTREALLOCATIONS.LIST>
                            </CATEGORYALLOCATIONS.LIST>
                        </ALLLEDGERENTRIES.LIST>
                        <ALLLEDGERENTRIES.LIST>
                            <LEDGERNAME>11201</LEDGERNAME>
                            <ISDEEMEDPOSITIVE>Yes</ISDEEMEDPOSITIVE>
                            <AMOUNT>-000600.0000</AMOUNT>
                            <CATEGORYALLOCATIONS.LIST>
                                <CATEGORY>Primary Cost Category</CATEGORY>
                                <COSTCENTREALLOCATIONS.LIST>
                                    <NAME>MIAG-AO</NAME>
                                    <AMOUNT>-000600.0000</AMOUNT>
                                </COSTCENTREALLOCATIONS.LIST>
                            </CATEGORYALLOCATIONS.LIST>
                        </ALLLEDGERENTRIES.LIST>
                        <ALLLEDGERENTRIES.LIST>
                            <LEDGERNAME>31201</LEDGERNAME>
                            <ISDEEMEDPOSITIVE>No</ISDEEMEDPOSITIVE>
                            <AMOUNT>000600.0000</AMOUNT>
                            <CATEGORYALLOCATIONS.LIST>
                                <CATEGORY>Primary Cost Category</CATEGORY>
                                <COSTCENTREALLOCATIONS.LIST>
                                    <NAME>MIAG-AO</NAME>
                                    <AMOUNT>000600.0000</AMOUNT>
                                </COSTCENTREALLOCATIONS.LIST>
                            </CATEGORYALLOCATIONS.LIST>
                        </ALLLEDGERENTRIES.LIST>
                        <ALLLEDGERENTRIES.LIST>
                            <LEDGERNAME>31201</LEDGERNAME>
                            <ISDEEMEDPOSITIVE>Yes</ISDEEMEDPOSITIVE>
                            <AMOUNT>-000600.0000</AMOUNT>
                            <CATEGORYALLOCATIONS.LIST>
                                <CATEGORY>Primary Cost Category</CATEGORY>
                                <COSTCENTREALLOCATIONS.LIST>
                                    <NAME>MIAG-AO</NAME>
                                    <AMOUNT>-000600.0000</AMOUNT>
                                </COSTCENTREALLOCATIONS.LIST>
                            </CATEGORYALLOCATIONS.LIST>
                        </ALLLEDGERENTRIES.LIST>
                    </VOUCHER>
                </TALLYMESSAGE>
                <TALLYMESSAGE xmlns:UDF="TallyUDF">
                    <VOUCHER VCHTYPE="Payment" ACTION="Create">
                        <DATE>20100201</DATE>
                        <VOUCHERTYPENAME>Payment</VOUCHERTYPENAME>
                        <NARRATION>Mifos - GL Interface 2010-10-02 to 2010-10-05.xml</NARRATION>
                        <ALLLEDGERENTRIES.LIST>
                            <LEDGERNAME>12101</LEDGERNAME>
                            <ISDEEMEDPOSITIVE>Yes</ISDEEMEDPOSITIVE>
                            <AMOUNT>-092500.0000</AMOUNT>
                            <CATEGORYALLOCATIONS.LIST>
                                <CATEGORY>Primary Cost Category</CATEGORY>
                                <COSTCENTREALLOCATIONS.LIST>
                                    <NAME>MIAG-AO</NAME>
                                    <AMOUNT>-092500.0000</AMOUNT>
                                </COSTCENTREALLOCATIONS.LIST>
                            </CATEGORYALLOCATIONS.LIST>
                        </ALLLEDGERENTRIES.LIST>
                        <ALLLEDGERENTRIES.LIST>
                            <LEDGERNAME>21101</LEDGERNAME>
                            <ISDEEMEDPOSITIVE>Yes</ISDEEMEDPOSITIVE>
                            <AMOUNT>-001850.0000</AMOUNT>
                            <CATEGORYALLOCATIONS.LIST>
                                <CATEGORY>Primary Cost Category</CATEGORY>
                                <COSTCENTREALLOCATIONS.LIST>
                                    <NAME>MIAG-AO</NAME>
                                    <AMOUNT>-001850.0000</AMOUNT>
                                </COSTCENTREALLOCATIONS.LIST>
                            </CATEGORYALLOCATIONS.LIST>
                        </ALLLEDGERENTRIES.LIST>
                        <ALLLEDGERENTRIES.LIST>
                            <LEDGERNAME>21102</LEDGERNAME>
                            <ISDEEMEDPOSITIVE>Yes</ISDEEMEDPOSITIVE>
                            <AMOUNT>-002006.0000</AMOUNT>
                            <CATEGORYALLOCATIONS.LIST>
                                <CATEGORY>Primary Cost Category</CATEGORY>
                                <COSTCENTREALLOCATIONS.LIST>
                                    <NAME>MIAG-AO</NAME>
                                    <AMOUNT>-002006.0000</AMOUNT>
                                </COSTCENTREALLOCATIONS.LIST>
                            </CATEGORYALLOCATIONS.LIST>
                        </ALLLEDGERENTRIES.LIST>
                        <ALLLEDGERENTRIES.LIST>
                            <LEDGERNAME>11201</LEDGERNAME>
                            <ISDEEMEDPOSITIVE>No</ISDEEMEDPOSITIVE>
                            <AMOUNT>096356.0000</AMOUNT>
                            <CATEGORYALLOCATIONS.LIST>
                                <CATEGORY>Primary Cost Category</CATEGORY>
                                <COSTCENTREALLOCATIONS.LIST>
                                    <NAME>MIAG-AO</NAME>
                                    <AMOUNT>096356.0000</AMOUNT>
                                </COSTCENTREALLOCATIONS.LIST>
                            </CATEGORYALLOCATIONS.LIST>
                        </ALLLEDGERENTRIES.LIST>
                    </VOUCHER>
                </TALLYMESSAGE>
                <TALLYMESSAGE xmlns:UDF="TallyUDF">
                    <VOUCHER VCHTYPE="Receipt" ACTION="Create">
                        <DATE>20100201</DATE>
                        <VOUCHERTYPENAME>Receipt</VOUCHERTYPENAME>
                        <NARRATION>Mifos - GL Interface 2010-10-02 to 2010-10-05.xml</NARRATION>
                        <ALLLEDGERENTRIES.LIST>
                            <LEDGERNAME>11201</LEDGERNAME>
                            <ISDEEMEDPOSITIVE>Yes</ISDEEMEDPOSITIVE>
                            <AMOUNT>-169643.0000</AMOUNT>
                            <CATEGORYALLOCATIONS.LIST>
                                <CATEGORY>Primary Cost Category</CATEGORY>
                                <COSTCENTREALLOCATIONS.LIST>
                                    <NAME>MIAG-AO</NAME>
                                    <AMOUNT>-169643.0000</AMOUNT>
                                </COSTCENTREALLOCATIONS.LIST>
                            </CATEGORYALLOCATIONS.LIST>
                        </ALLLEDGERENTRIES.LIST>
                        <ALLLEDGERENTRIES.LIST>
                            <LEDGERNAME>12101</LEDGERNAME>
                            <ISDEEMEDPOSITIVE>No</ISDEEMEDPOSITIVE>
                            <AMOUNT>125361.0000</AMOUNT>
                            <CATEGORYALLOCATIONS.LIST>
                                <CATEGORY>Primary Cost Category</CATEGORY>
                                <COSTCENTREALLOCATIONS.LIST>
                                    <NAME>MIAG-AO</NAME>
                                    <AMOUNT>125361.0000</AMOUNT>
                                </COSTCENTREALLOCATIONS.LIST>
                            </CATEGORYALLOCATIONS.LIST>
                        </ALLLEDGERENTRIES.LIST>
                        <ALLLEDGERENTRIES.LIST>
                            <LEDGERNAME>21101</LEDGERNAME>
                            <ISDEEMEDPOSITIVE>No</ISDEEMEDPOSITIVE>
                            <AMOUNT>007620.0000</AMOUNT>
                            <CATEGORYALLOCATIONS.LIST>
                                <CATEGORY>Primary Cost Category</CATEGORY>
                                <COSTCENTREALLOCATIONS.LIST>
                                    <NAME>MIAG-AO</NAME>
                                    <AMOUNT>007620.0000</AMOUNT>
                                </COSTCENTREALLOCATIONS.LIST>
                            </CATEGORYALLOCATIONS.LIST>
                        </ALLLEDGERENTRIES.LIST>
                        <ALLLEDGERENTRIES.LIST>
                            <LEDGERNAME>21102</LEDGERNAME>
                            <ISDEEMEDPOSITIVE>No</ISDEEMEDPOSITIVE>
                            <AMOUNT>003407.0000</AMOUNT>
                            <CATEGORYALLOCATIONS.LIST>
                                <CATEGORY>Primary Cost Category</CATEGORY>
                                <COSTCENTREALLOCATIONS.LIST>
                                    <NAME>MIAG-AO</NAME>
                                    <AMOUNT>003407.0000</AMOUNT>
                                </COSTCENTREALLOCATIONS.LIST>
                            </CATEGORYALLOCATIONS.LIST>
                        </ALLLEDGERENTRIES.LIST>
                        <ALLLEDGERENTRIES.LIST>
                            <LEDGERNAME>31101</LEDGERNAME>
                            <ISDEEMEDPOSITIVE>No</ISDEEMEDPOSITIVE>
                            <AMOUNT>022096.0000</AMOUNT>
                            <CATEGORYALLOCATIONS.LIST>
                                <CATEGORY>Primary Cost Category</CATEGORY>
                                <COSTCENTREALLOCATIONS.LIST>
                                    <NAME>MIAG-AO</NAME>
                                    <AMOUNT>022096.0000</AMOUNT>
                                </COSTCENTREALLOCATIONS.LIST>
                            </CATEGORYALLOCATIONS.LIST>
                        </ALLLEDGERENTRIES.LIST>
                        <ALLLEDGERENTRIES.LIST>
                            <LEDGERNAME>31201</LEDGERNAME>
                            <ISDEEMEDPOSITIVE>No</ISDEEMEDPOSITIVE>
                            <AMOUNT>011159.0000</AMOUNT>
                            <CATEGORYALLOCATIONS.LIST>
                                <CATEGORY>Primary Cost Category</CATEGORY>
                                <COSTCENTREALLOCATIONS.LIST>
                                    <NAME>MIAG-AO</NAME>
                                    <AMOUNT>011159.0000</AMOUNT>
                                </COSTCENTREALLOCATIONS.LIST>
                            </CATEGORYALLOCATIONS.LIST>
                        </ALLLEDGERENTRIES.LIST>
                    </VOUCHER>
                </TALLYMESSAGE>
                <TALLYMESSAGE xmlns:UDF="TallyUDF">
                    <VOUCHER VCHTYPE="Payment" ACTION="Create">
                        <DATE>20100202</DATE>
                        <VOUCHERTYPENAME>Payment</VOUCHERTYPENAME>
                        <NARRATION>Mifos - GL Interface 2010-10-02 to 2010-10-05.xml</NARRATION>
                        <ALLLEDGERENTRIES.LIST>
                            <LEDGERNAME>12101</LEDGERNAME>
                            <ISDEEMEDPOSITIVE>Yes</ISDEEMEDPOSITIVE>
                            <AMOUNT>-102500.0000</AMOUNT>
                            <CATEGORYALLOCATIONS.LIST>
                                <CATEGORY>Primary Cost Category</CATEGORY>
                                <COSTCENTREALLOCATIONS.LIST>
                                    <NAME>MIAG-AO</NAME>
                                    <AMOUNT>-102500.0000</AMOUNT>
                                </COSTCENTREALLOCATIONS.LIST>
                            </CATEGORYALLOCATIONS.LIST>
                        </ALLLEDGERENTRIES.LIST>
                        <ALLLEDGERENTRIES.LIST>
                            <LEDGERNAME>21101</LEDGERNAME>
                            <ISDEEMEDPOSITIVE>Yes</ISDEEMEDPOSITIVE>
                            <AMOUNT>-002500.0000</AMOUNT>
                            <CATEGORYALLOCATIONS.LIST>
                                <CATEGORY>Primary Cost Category</CATEGORY>
                                <COSTCENTREALLOCATIONS.LIST>
                                    <NAME>MIAG-AO</NAME>
                                    <AMOUNT>-002500.0000</AMOUNT>
                                </COSTCENTREALLOCATIONS.LIST>
                            </CATEGORYALLOCATIONS.LIST>
                        </ALLLEDGERENTRIES.LIST>
                        <ALLLEDGERENTRIES.LIST>
                            <LEDGERNAME>21102</LEDGERNAME>
                            <ISDEEMEDPOSITIVE>Yes</ISDEEMEDPOSITIVE>
                            <AMOUNT>-000916.0000</AMOUNT>
                            <CATEGORYALLOCATIONS.LIST>
                                <CATEGORY>Primary Cost Category</CATEGORY>
                                <COSTCENTREALLOCATIONS.LIST>
                                    <NAME>MIAG-AO</NAME>
                                    <AMOUNT>-000916.0000</AMOUNT>
                                </COSTCENTREALLOCATIONS.LIST>
                            </CATEGORYALLOCATIONS.LIST>
                        </ALLLEDGERENTRIES.LIST>
                        <ALLLEDGERENTRIES.LIST>
                            <LEDGERNAME>11201</LEDGERNAME>
                            <ISDEEMEDPOSITIVE>No</ISDEEMEDPOSITIVE>
                            <AMOUNT>105916.0000</AMOUNT>
                            <CATEGORYALLOCATIONS.LIST>
                                <CATEGORY>Primary Cost Category</CATEGORY>
                                <COSTCENTREALLOCATIONS.LIST>
                                    <NAME>MIAG-AO</NAME>
                                    <AMOUNT>105916.0000</AMOUNT>
                                </COSTCENTREALLOCATIONS.LIST>
                            </CATEGORYALLOCATIONS.LIST>
                        </ALLLEDGERENTRIES.LIST>
                    </VOUCHER>
                </TALLYMESSAGE>
                <TALLYMESSAGE xmlns:UDF="TallyUDF">
                    <VOUCHER VCHTYPE="Receipt" ACTION="Create">
                        <DATE>20100202</DATE>
                        <VOUCHERTYPENAME>Receipt</VOUCHERTYPENAME>
                        <NARRATION>Mifos - GL Interface 2010-10-02 to 2010-10-05.xml</NARRATION>
                        <ALLLEDGERENTRIES.LIST>
                            <LEDGERNAME>11201</LEDGERNAME>
                            <ISDEEMEDPOSITIVE>Yes</ISDEEMEDPOSITIVE>
                            <AMOUNT>-146823.0000</AMOUNT>
                            <CATEGORYALLOCATIONS.LIST>
                                <CATEGORY>Primary Cost Category</CATEGORY>
                                <COSTCENTREALLOCATIONS.LIST>
                                    <NAME>MIAG-AO</NAME>
                                    <AMOUNT>-146823.0000</AMOUNT>
                                </COSTCENTREALLOCATIONS.LIST>
                            </CATEGORYALLOCATIONS.LIST>
                        </ALLLEDGERENTRIES.LIST>
                        <ALLLEDGERENTRIES.LIST>
                            <LEDGERNAME>12101</LEDGERNAME>
                            <ISDEEMEDPOSITIVE>No</ISDEEMEDPOSITIVE>
                            <AMOUNT>109814.0000</AMOUNT>
                            <CATEGORYALLOCATIONS.LIST>
                                <CATEGORY>Primary Cost Category</CATEGORY>
                                <COSTCENTREALLOCATIONS.LIST>
                                    <NAME>MIAG-AO</NAME>
                                    <AMOUNT>109814.0000</AMOUNT>
                                </COSTCENTREALLOCATIONS.LIST>
                            </CATEGORYALLOCATIONS.LIST>
                        </ALLLEDGERENTRIES.LIST>
                        <ALLLEDGERENTRIES.LIST>
                            <LEDGERNAME>21101</LEDGERNAME>
                            <ISDEEMEDPOSITIVE>No</ISDEEMEDPOSITIVE>
                            <AMOUNT>005638.0000</AMOUNT>
                            <CATEGORYALLOCATIONS.LIST>
                                <CATEGORY>Primary Cost Category</CATEGORY>
                                <COSTCENTREALLOCATIONS.LIST>
                                    <NAME>MIAG-AO</NAME>
                                    <AMOUNT>005638.0000</AMOUNT>
                                </COSTCENTREALLOCATIONS.LIST>
                            </CATEGORYALLOCATIONS.LIST>
                        </ALLLEDGERENTRIES.LIST>
                        <ALLLEDGERENTRIES.LIST>
                            <LEDGERNAME>21102</LEDGERNAME>
                            <ISDEEMEDPOSITIVE>No</ISDEEMEDPOSITIVE>
                            <AMOUNT>002163.0000</AMOUNT>
                            <CATEGORYALLOCATIONS.LIST>
                                <CATEGORY>Primary Cost Category</CATEGORY>
                                <COSTCENTREALLOCATIONS.LIST>
                                    <NAME>MIAG-AO</NAME>
                                    <AMOUNT>002163.0000</AMOUNT>
                                </COSTCENTREALLOCATIONS.LIST>
                            </CATEGORYALLOCATIONS.LIST>
                        </ALLLEDGERENTRIES.LIST>
                        <ALLLEDGERENTRIES.LIST>
                            <LEDGERNAME>31101</LEDGERNAME>
                            <ISDEEMEDPOSITIVE>No</ISDEEMEDPOSITIVE>
                            <AMOUNT>020689.0000</AMOUNT>
                            <CATEGORYALLOCATIONS.LIST>
                                <CATEGORY>Primary Cost Category</CATEGORY>
                                <COSTCENTREALLOCATIONS.LIST>
                                    <NAME>MIAG-AO</NAME>
                                    <AMOUNT>020689.0000</AMOUNT>
                                </COSTCENTREALLOCATIONS.LIST>
                            </CATEGORYALLOCATIONS.LIST>
                        </ALLLEDGERENTRIES.LIST>
                        <ALLLEDGERENTRIES.LIST>
                            <LEDGERNAME>31201</LEDGERNAME>
                            <ISDEEMEDPOSITIVE>No</ISDEEMEDPOSITIVE>
                            <AMOUNT>008519.0000</AMOUNT>
                            <CATEGORYALLOCATIONS.LIST>
                                <CATEGORY>Primary Cost Category</CATEGORY>
                                <COSTCENTREALLOCATIONS.LIST>
                                    <NAME>MIAG-AO</NAME>
                                    <AMOUNT>008519.0000</AMOUNT>
                                </COSTCENTREALLOCATIONS.LIST>
                            </CATEGORYALLOCATIONS.LIST>
                        </ALLLEDGERENTRIES.LIST>
                    </VOUCHER>
                </TALLYMESSAGE>
                <TALLYMESSAGE xmlns:UDF="TallyUDF">
                    <VOUCHER VCHTYPE="Payment" ACTION="Create">
                        <DATE>20100203</DATE>
                        <VOUCHERTYPENAME>Payment</VOUCHERTYPENAME>
                        <NARRATION>Mifos - GL Interface 2010-10-02 to 2010-10-05.xml</NARRATION>
                        <ALLLEDGERENTRIES.LIST>
                            <LEDGERNAME>12101</LEDGERNAME>
                            <ISDEEMEDPOSITIVE>Yes</ISDEEMEDPOSITIVE>
                            <AMOUNT>-153000.0000</AMOUNT>
                            <CATEGORYALLOCATIONS.LIST>
                                <CATEGORY>Primary Cost Category</CATEGORY>
                                <COSTCENTREALLOCATIONS.LIST>
                                    <NAME>MIAG-AO</NAME>
                                    <AMOUNT>-153000.0000</AMOUNT>
                                </COSTCENTREALLOCATIONS.LIST>
                            </CATEGORYALLOCATIONS.LIST>
                        </ALLLEDGERENTRIES.LIST>
                        <ALLLEDGERENTRIES.LIST>
                            <LEDGERNAME>21101</LEDGERNAME>
                            <ISDEEMEDPOSITIVE>Yes</ISDEEMEDPOSITIVE>
                            <AMOUNT>-005800.0000</AMOUNT>
                            <CATEGORYALLOCATIONS.LIST>
                                <CATEGORY>Primary Cost Category</CATEGORY>
                                <COSTCENTREALLOCATIONS.LIST>
                                    <NAME>MIAG-AO</NAME>
                                    <AMOUNT>-005800.0000</AMOUNT>
                                </COSTCENTREALLOCATIONS.LIST>
                            </CATEGORYALLOCATIONS.LIST>
                        </ALLLEDGERENTRIES.LIST>
                        <ALLLEDGERENTRIES.LIST>
                            <LEDGERNAME>21102</LEDGERNAME>
                            <ISDEEMEDPOSITIVE>Yes</ISDEEMEDPOSITIVE>
                            <AMOUNT>-001183.0000</AMOUNT>
                            <CATEGORYALLOCATIONS.LIST>
                                <CATEGORY>Primary Cost Category</CATEGORY>
                                <COSTCENTREALLOCATIONS.LIST>
                                    <NAME>MIAG-AO</NAME>
                                    <AMOUNT>-001183.0000</AMOUNT>
                                </COSTCENTREALLOCATIONS.LIST>
                            </CATEGORYALLOCATIONS.LIST>
                        </ALLLEDGERENTRIES.LIST>
                        <ALLLEDGERENTRIES.LIST>
                            <LEDGERNAME>11201</LEDGERNAME>
                            <ISDEEMEDPOSITIVE>No</ISDEEMEDPOSITIVE>
                            <AMOUNT>159983.0000</AMOUNT>
                            <CATEGORYALLOCATIONS.LIST>
                                <CATEGORY>Primary Cost Category</CATEGORY>
                                <COSTCENTREALLOCATIONS.LIST>
                                    <NAME>MIAG-AO</NAME>
                                    <AMOUNT>159983.0000</AMOUNT>
                                </COSTCENTREALLOCATIONS.LIST>
                            </CATEGORYALLOCATIONS.LIST>
                        </ALLLEDGERENTRIES.LIST>
                    </VOUCHER>
                </TALLYMESSAGE>
                <TALLYMESSAGE xmlns:UDF="TallyUDF">
                    <VOUCHER VCHTYPE="Receipt" ACTION="Create">
                        <DATE>20100203</DATE>
                        <VOUCHERTYPENAME>Receipt</VOUCHERTYPENAME>
                        <NARRATION>Mifos - GL Interface 2010-10-02 to 2010-10-05.xml</NARRATION>
                        <ALLLEDGERENTRIES.LIST>
                            <LEDGERNAME>11201</LEDGERNAME>
                            <ISDEEMEDPOSITIVE>No</ISDEEMEDPOSITIVE>
                            <AMOUNT>000567.0000</AMOUNT>
                            <CATEGORYALLOCATIONS.LIST>
                                <CATEGORY>Primary Cost Category</CATEGORY>
                                <COSTCENTREALLOCATIONS.LIST>
                                    <NAME>MIAG-AO</NAME>
                                    <AMOUNT>000567.0000</AMOUNT>
                                </COSTCENTREALLOCATIONS.LIST>
                            </CATEGORYALLOCATIONS.LIST>
                        </ALLLEDGERENTRIES.LIST>
                        <ALLLEDGERENTRIES.LIST>
                            <LEDGERNAME>11201</LEDGERNAME>
                            <ISDEEMEDPOSITIVE>Yes</ISDEEMEDPOSITIVE>
                            <AMOUNT>-170408.0000</AMOUNT>
                            <CATEGORYALLOCATIONS.LIST>
                                <CATEGORY>Primary Cost Category</CATEGORY>
                                <COSTCENTREALLOCATIONS.LIST>
                                    <NAME>MIAG-AO</NAME>
                                    <AMOUNT>-170408.0000</AMOUNT>
                                </COSTCENTREALLOCATIONS.LIST>
                            </CATEGORYALLOCATIONS.LIST>
                        </ALLLEDGERENTRIES.LIST>
                        <ALLLEDGERENTRIES.LIST>
                            <LEDGERNAME>12101</LEDGERNAME>
                            <ISDEEMEDPOSITIVE>No</ISDEEMEDPOSITIVE>
                            <AMOUNT>121250.0000</AMOUNT>
                            <CATEGORYALLOCATIONS.LIST>
                                <CATEGORY>Primary Cost Category</CATEGORY>
                                <COSTCENTREALLOCATIONS.LIST>
                                    <NAME>MIAG-AO</NAME>
                                    <AMOUNT>121250.0000</AMOUNT>
                                </COSTCENTREALLOCATIONS.LIST>
                            </CATEGORYALLOCATIONS.LIST>
                        </ALLLEDGERENTRIES.LIST>
                        <ALLLEDGERENTRIES.LIST>
                            <LEDGERNAME>12101</LEDGERNAME>
                            <ISDEEMEDPOSITIVE>Yes</ISDEEMEDPOSITIVE>
                            <AMOUNT>-000417.0000</AMOUNT>
                            <CATEGORYALLOCATIONS.LIST>
                                <CATEGORY>Primary Cost Category</CATEGORY>
                                <COSTCENTREALLOCATIONS.LIST>
                                    <NAME>MIAG-AO</NAME>
                                    <AMOUNT>-000417.0000</AMOUNT>
                                </COSTCENTREALLOCATIONS.LIST>
                            </CATEGORYALLOCATIONS.LIST>
                        </ALLLEDGERENTRIES.LIST>
                        <ALLLEDGERENTRIES.LIST>
                            <LEDGERNAME>21101</LEDGERNAME>
                            <ISDEEMEDPOSITIVE>No</ISDEEMEDPOSITIVE>
                            <AMOUNT>010570.0000</AMOUNT>
                            <CATEGORYALLOCATIONS.LIST>
                                <CATEGORY>Primary Cost Category</CATEGORY>
                                <COSTCENTREALLOCATIONS.LIST>
                                    <NAME>MIAG-AO</NAME>
                                    <AMOUNT>010570.0000</AMOUNT>
                                </COSTCENTREALLOCATIONS.LIST>
                            </CATEGORYALLOCATIONS.LIST>
                        </ALLLEDGERENTRIES.LIST>
                        <ALLLEDGERENTRIES.LIST>
                            <LEDGERNAME>21102</LEDGERNAME>
                            <ISDEEMEDPOSITIVE>No</ISDEEMEDPOSITIVE>
                            <AMOUNT>004497.0000</AMOUNT>
                            <CATEGORYALLOCATIONS.LIST>
                                <CATEGORY>Primary Cost Category</CATEGORY>
                                <COSTCENTREALLOCATIONS.LIST>
                                    <NAME>MIAG-AO</NAME>
                                    <AMOUNT>004497.0000</AMOUNT>
                                </COSTCENTREALLOCATIONS.LIST>
                            </CATEGORYALLOCATIONS.LIST>
                        </ALLLEDGERENTRIES.LIST>
                        <ALLLEDGERENTRIES.LIST>
                            <LEDGERNAME>31101</LEDGERNAME>
                            <ISDEEMEDPOSITIVE>No</ISDEEMEDPOSITIVE>
                            <AMOUNT>021849.0000</AMOUNT>
                            <CATEGORYALLOCATIONS.LIST>
                                <CATEGORY>Primary Cost Category</CATEGORY>
                                <COSTCENTREALLOCATIONS.LIST>
                                    <NAME>MIAG-AO</NAME>
                                    <AMOUNT>021849.0000</AMOUNT>
                                </COSTCENTREALLOCATIONS.LIST>
                            </CATEGORYALLOCATIONS.LIST>
                        </ALLLEDGERENTRIES.LIST>
                        <ALLLEDGERENTRIES.LIST>
                            <LEDGERNAME>31101</LEDGERNAME>
                            <ISDEEMEDPOSITIVE>Yes</ISDEEMEDPOSITIVE>
                            <AMOUNT>-000150.0000</AMOUNT>
                            <CATEGORYALLOCATIONS.LIST>
                                <CATEGORY>Primary Cost Category</CATEGORY>
                                <COSTCENTREALLOCATIONS.LIST>
                                    <NAME>MIAG-AO</NAME>
                                    <AMOUNT>-000150.0000</AMOUNT>
                                </COSTCENTREALLOCATIONS.LIST>
                            </CATEGORYALLOCATIONS.LIST>
                        </ALLLEDGERENTRIES.LIST>
                        <ALLLEDGERENTRIES.LIST>
                            <LEDGERNAME>31201</LEDGERNAME>
                            <ISDEEMEDPOSITIVE>No</ISDEEMEDPOSITIVE>
                            <AMOUNT>012242.0000</AMOUNT>
                            <CATEGORYALLOCATIONS.LIST>
                                <CATEGORY>Primary Cost Category</CATEGORY>
                                <COSTCENTREALLOCATIONS.LIST>
                                    <NAME>MIAG-AO</NAME>
                                    <AMOUNT>012242.0000</AMOUNT>
                                </COSTCENTREALLOCATIONS.LIST>
                            </CATEGORYALLOCATIONS.LIST>
                        </ALLLEDGERENTRIES.LIST>
                    </VOUCHER>
                </TALLYMESSAGE>
                <TALLYMESSAGE xmlns:UDF="TallyUDF">
                    <VOUCHER VCHTYPE="Payment" ACTION="Create">
                        <DATE>20100204</DATE>
                        <VOUCHERTYPENAME>Payment</VOUCHERTYPENAME>
                        <NARRATION>Mifos - GL Interface 2010-10-02 to 2010-10-05.xml</NARRATION>
                        <ALLLEDGERENTRIES.LIST>
                            <LEDGERNAME>12101</LEDGERNAME>
                            <ISDEEMEDPOSITIVE>Yes</ISDEEMEDPOSITIVE>
                            <AMOUNT>-152000.0000</AMOUNT>
                            <CATEGORYALLOCATIONS.LIST>
                                <CATEGORY>Primary Cost Category</CATEGORY>
                                <COSTCENTREALLOCATIONS.LIST>
                                    <NAME>MIAG-AO</NAME>
                                    <AMOUNT>-152000.0000</AMOUNT>
                                </COSTCENTREALLOCATIONS.LIST>
                            </CATEGORYALLOCATIONS.LIST>
                        </ALLLEDGERENTRIES.LIST>
                        <ALLLEDGERENTRIES.LIST>
                            <LEDGERNAME>21101</LEDGERNAME>
                            <ISDEEMEDPOSITIVE>Yes</ISDEEMEDPOSITIVE>
                            <AMOUNT>-005100.0000</AMOUNT>
                            <CATEGORYALLOCATIONS.LIST>
                                <CATEGORY>Primary Cost Category</CATEGORY>
                                <COSTCENTREALLOCATIONS.LIST>
                                    <NAME>MIAG-AO</NAME>
                                    <AMOUNT>-005100.0000</AMOUNT>
                                </COSTCENTREALLOCATIONS.LIST>
                            </CATEGORYALLOCATIONS.LIST>
                        </ALLLEDGERENTRIES.LIST>
                        <ALLLEDGERENTRIES.LIST>
                            <LEDGERNAME>21102</LEDGERNAME>
                            <ISDEEMEDPOSITIVE>Yes</ISDEEMEDPOSITIVE>
                            <AMOUNT>-002664.0000</AMOUNT>
                            <CATEGORYALLOCATIONS.LIST>
                                <CATEGORY>Primary Cost Category</CATEGORY>
                                <COSTCENTREALLOCATIONS.LIST>
                                    <NAME>MIAG-AO</NAME>
                                    <AMOUNT>-002664.0000</AMOUNT>
                                </COSTCENTREALLOCATIONS.LIST>
                            </CATEGORYALLOCATIONS.LIST>
                        </ALLLEDGERENTRIES.LIST>
                        <ALLLEDGERENTRIES.LIST>
                            <LEDGERNAME>11201</LEDGERNAME>
                            <ISDEEMEDPOSITIVE>No</ISDEEMEDPOSITIVE>
                            <AMOUNT>159764.0000</AMOUNT>
                            <CATEGORYALLOCATIONS.LIST>
                                <CATEGORY>Primary Cost Category</CATEGORY>
                                <COSTCENTREALLOCATIONS.LIST>
                                    <NAME>MIAG-AO</NAME>
                                    <AMOUNT>159764.0000</AMOUNT>
                                </COSTCENTREALLOCATIONS.LIST>
                            </CATEGORYALLOCATIONS.LIST>
                        </ALLLEDGERENTRIES.LIST>
                    </VOUCHER>
                </TALLYMESSAGE>
                <TALLYMESSAGE xmlns:UDF="TallyUDF">
                    <VOUCHER VCHTYPE="Receipt" ACTION="Create">
                        <DATE>20100204</DATE>
                        <VOUCHERTYPENAME>Receipt</VOUCHERTYPENAME>
                        <NARRATION>Mifos - GL Interface 2010-10-02 to 2010-10-05.xml</NARRATION>
                        <ALLLEDGERENTRIES.LIST>
                            <LEDGERNAME>11201</LEDGERNAME>
                            <ISDEEMEDPOSITIVE>Yes</ISDEEMEDPOSITIVE>
                            <AMOUNT>-195338.0000</AMOUNT>
                            <CATEGORYALLOCATIONS.LIST>
                                <CATEGORY>Primary Cost Category</CATEGORY>
                                <COSTCENTREALLOCATIONS.LIST>
                                    <NAME>MIAG-AO</NAME>
                                    <AMOUNT>-195338.0000</AMOUNT>
                                </COSTCENTREALLOCATIONS.LIST>
                            </CATEGORYALLOCATIONS.LIST>
                        </ALLLEDGERENTRIES.LIST>
                        <ALLLEDGERENTRIES.LIST>
                            <LEDGERNAME>12101</LEDGERNAME>
                            <ISDEEMEDPOSITIVE>No</ISDEEMEDPOSITIVE>
                            <AMOUNT>144374.0000</AMOUNT>
                            <CATEGORYALLOCATIONS.LIST>
                                <CATEGORY>Primary Cost Category</CATEGORY>
                                <COSTCENTREALLOCATIONS.LIST>
                                    <NAME>MIAG-AO</NAME>
                                    <AMOUNT>144374.0000</AMOUNT>
                                </COSTCENTREALLOCATIONS.LIST>
                            </CATEGORYALLOCATIONS.LIST>
                        </ALLLEDGERENTRIES.LIST>
                        <ALLLEDGERENTRIES.LIST>
                            <LEDGERNAME>21101</LEDGERNAME>
                            <ISDEEMEDPOSITIVE>No</ISDEEMEDPOSITIVE>
                            <AMOUNT>009165.0000</AMOUNT>
                            <CATEGORYALLOCATIONS.LIST>
                                <CATEGORY>Primary Cost Category</CATEGORY>
                                <COSTCENTREALLOCATIONS.LIST>
                                    <NAME>MIAG-AO</NAME>
                                    <AMOUNT>009165.0000</AMOUNT>
                                </COSTCENTREALLOCATIONS.LIST>
                            </CATEGORYALLOCATIONS.LIST>
                        </ALLLEDGERENTRIES.LIST>
                        <ALLLEDGERENTRIES.LIST>
                            <LEDGERNAME>21102</LEDGERNAME>
                            <ISDEEMEDPOSITIVE>No</ISDEEMEDPOSITIVE>
                            <AMOUNT>003105.0000</AMOUNT>
                            <CATEGORYALLOCATIONS.LIST>
                                <CATEGORY>Primary Cost Category</CATEGORY>
                                <COSTCENTREALLOCATIONS.LIST>
                                    <NAME>MIAG-AO</NAME>
                                    <AMOUNT>003105.0000</AMOUNT>
                                </COSTCENTREALLOCATIONS.LIST>
                            </CATEGORYALLOCATIONS.LIST>
                        </ALLLEDGERENTRIES.LIST>
                        <ALLLEDGERENTRIES.LIST>
                            <LEDGERNAME>31101</LEDGERNAME>
                            <ISDEEMEDPOSITIVE>No</ISDEEMEDPOSITIVE>
                            <AMOUNT>027834.0000</AMOUNT>
                            <CATEGORYALLOCATIONS.LIST>
                                <CATEGORY>Primary Cost Category</CATEGORY>
                                <COSTCENTREALLOCATIONS.LIST>
                                    <NAME>MIAG-AO</NAME>
                                    <AMOUNT>027834.0000</AMOUNT>
                                </COSTCENTREALLOCATIONS.LIST>
                            </CATEGORYALLOCATIONS.LIST>
                        </ALLLEDGERENTRIES.LIST>
                        <ALLLEDGERENTRIES.LIST>
                            <LEDGERNAME>31201</LEDGERNAME>
                            <ISDEEMEDPOSITIVE>No</ISDEEMEDPOSITIVE>
                            <AMOUNT>010860.0000</AMOUNT>
                            <CATEGORYALLOCATIONS.LIST>
                                <CATEGORY>Primary Cost Category</CATEGORY>
                                <COSTCENTREALLOCATIONS.LIST>
                                    <NAME>MIAG-AO</NAME>
                                    <AMOUNT>010860.0000</AMOUNT>
                                </COSTCENTREALLOCATIONS.LIST>
                            </CATEGORYALLOCATIONS.LIST>
                        </ALLLEDGERENTRIES.LIST>
                    </VOUCHER>
                </TALLYMESSAGE>
                <TALLYMESSAGE xmlns:UDF="TallyUDF">
                    <VOUCHER VCHTYPE="Journal" ACTION="Create">
                        <DATE>20100205</DATE>
                        <VOUCHERTYPENAME>Journal</VOUCHERTYPENAME>
                        <NARRATION>Mifos - GL Interface 2010-10-02 to 2010-10-05.xml</NARRATION>
                        <ALLLEDGERENTRIES.LIST>
                            <LEDGERNAME>11201</LEDGERNAME>
                            <ISDEEMEDPOSITIVE>No</ISDEEMEDPOSITIVE>
                            <AMOUNT>000500.0000</AMOUNT>
                            <CATEGORYALLOCATIONS.LIST>
                                <CATEGORY>Primary Cost Category</CATEGORY>
                                <COSTCENTREALLOCATIONS.LIST>
                                    <NAME>MIAG-AO</NAME>
                                    <AMOUNT>000500.0000</AMOUNT>
                                </COSTCENTREALLOCATIONS.LIST>
                            </CATEGORYALLOCATIONS.LIST>
                        </ALLLEDGERENTRIES.LIST>
                        <ALLLEDGERENTRIES.LIST>
                            <LEDGERNAME>21101</LEDGERNAME>
                            <ISDEEMEDPOSITIVE>No</ISDEEMEDPOSITIVE>
                            <AMOUNT>000055.0000</AMOUNT>
                            <CATEGORYALLOCATIONS.LIST>
                                <CATEGORY>Primary Cost Category</CATEGORY>
                                <COSTCENTREALLOCATIONS.LIST>
                                    <NAME>MIAG-AO</NAME>
                                    <AMOUNT>000055.0000</AMOUNT>
                                </COSTCENTREALLOCATIONS.LIST>
                            </CATEGORYALLOCATIONS.LIST>
                        </ALLLEDGERENTRIES.LIST>
                        <ALLLEDGERENTRIES.LIST>
                            <LEDGERNAME>21101</LEDGERNAME>
                            <ISDEEMEDPOSITIVE>Yes</ISDEEMEDPOSITIVE>
                            <AMOUNT>-000500.0000</AMOUNT>
                            <CATEGORYALLOCATIONS.LIST>
                                <CATEGORY>Primary Cost Category</CATEGORY>
                                <COSTCENTREALLOCATIONS.LIST>
                                    <NAME>MIAG-AO</NAME>
                                    <AMOUNT>-000500.0000</AMOUNT>
                                </COSTCENTREALLOCATIONS.LIST>
                            </CATEGORYALLOCATIONS.LIST>
                        </ALLLEDGERENTRIES.LIST>
                        <ALLLEDGERENTRIES.LIST>
                            <LEDGERNAME>41101</LEDGERNAME>
                            <ISDEEMEDPOSITIVE>Yes</ISDEEMEDPOSITIVE>
                            <AMOUNT>-000055.0000</AMOUNT>
                            <CATEGORYALLOCATIONS.LIST>
                                <CATEGORY>Primary Cost Category</CATEGORY>
                                <COSTCENTREALLOCATIONS.LIST>
                                    <NAME>MIAG-AO</NAME>
                                    <AMOUNT>-000055.0000</AMOUNT>
                                </COSTCENTREALLOCATIONS.LIST>
                            </CATEGORYALLOCATIONS.LIST>
                        </ALLLEDGERENTRIES.LIST>
                    </VOUCHER>
                </TALLYMESSAGE>
                <TALLYMESSAGE xmlns:UDF="TallyUDF">
                    <VOUCHER VCHTYPE="Payment" ACTION="Create">
                        <DATE>20100205</DATE>
                        <VOUCHERTYPENAME>Payment</VOUCHERTYPENAME>
                        <NARRATION>Mifos - GL Interface 2010-10-02 to 2010-10-05.xml</NARRATION>
                        <ALLLEDGERENTRIES.LIST>
                            <LEDGERNAME>21101</LEDGERNAME>
                            <ISDEEMEDPOSITIVE>Yes</ISDEEMEDPOSITIVE>
                            <AMOUNT>-016194.0000</AMOUNT>
                            <CATEGORYALLOCATIONS.LIST>
                                <CATEGORY>Primary Cost Category</CATEGORY>
                                <COSTCENTREALLOCATIONS.LIST>
                                    <NAME>MIAG-AO</NAME>
                                    <AMOUNT>-016194.0000</AMOUNT>
                                </COSTCENTREALLOCATIONS.LIST>
                            </CATEGORYALLOCATIONS.LIST>
                        </ALLLEDGERENTRIES.LIST>
                        <ALLLEDGERENTRIES.LIST>
                            <LEDGERNAME>21102</LEDGERNAME>
                            <ISDEEMEDPOSITIVE>Yes</ISDEEMEDPOSITIVE>
                            <AMOUNT>-000129.0000</AMOUNT>
                            <CATEGORYALLOCATIONS.LIST>
                                <CATEGORY>Primary Cost Category</CATEGORY>
                                <COSTCENTREALLOCATIONS.LIST>
                                    <NAME>MIAG-AO</NAME>
                                    <AMOUNT>-000129.0000</AMOUNT>
                                </COSTCENTREALLOCATIONS.LIST>
                            </CATEGORYALLOCATIONS.LIST>
                        </ALLLEDGERENTRIES.LIST>
                        <ALLLEDGERENTRIES.LIST>
                            <LEDGERNAME>11201</LEDGERNAME>
                            <ISDEEMEDPOSITIVE>No</ISDEEMEDPOSITIVE>
                            <AMOUNT>016323.0000</AMOUNT>
                            <CATEGORYALLOCATIONS.LIST>
                                <CATEGORY>Primary Cost Category</CATEGORY>
                                <COSTCENTREALLOCATIONS.LIST>
                                    <NAME>MIAG-AO</NAME>
                                    <AMOUNT>016323.0000</AMOUNT>
                                </COSTCENTREALLOCATIONS.LIST>
                            </CATEGORYALLOCATIONS.LIST>
                        </ALLLEDGERENTRIES.LIST>
                    </VOUCHER>
                </TALLYMESSAGE>
                <TALLYMESSAGE xmlns:UDF="TallyUDF">
                    <VOUCHER VCHTYPE="Receipt" ACTION="Create">
                        <DATE>20100205</DATE>
                        <VOUCHERTYPENAME>Receipt</VOUCHERTYPENAME>
                        <NARRATION>Mifos - GL Interface 2010-10-02 to 2010-10-05.xml</NARRATION>
                        <ALLLEDGERENTRIES.LIST>
                            <LEDGERNAME>11201</LEDGERNAME>
                            <ISDEEMEDPOSITIVE>Yes</ISDEEMEDPOSITIVE>
                            <AMOUNT>-022428.0000</AMOUNT>
                            <CATEGORYALLOCATIONS.LIST>
                                <CATEGORY>Primary Cost Category</CATEGORY>
                                <COSTCENTREALLOCATIONS.LIST>
                                    <NAME>MIAG-AO</NAME>
                                    <AMOUNT>-022428.0000</AMOUNT>
                                </COSTCENTREALLOCATIONS.LIST>
                            </CATEGORYALLOCATIONS.LIST>
                        </ALLLEDGERENTRIES.LIST>
                        <ALLLEDGERENTRIES.LIST>
                            <LEDGERNAME>12101</LEDGERNAME>
                            <ISDEEMEDPOSITIVE>No</ISDEEMEDPOSITIVE>
                            <AMOUNT>003718.0000</AMOUNT>
                            <CATEGORYALLOCATIONS.LIST>
                                <CATEGORY>Primary Cost Category</CATEGORY>
                                <COSTCENTREALLOCATIONS.LIST>
                                    <NAME>MIAG-AO</NAME>
                                    <AMOUNT>003718.0000</AMOUNT>
                                </COSTCENTREALLOCATIONS.LIST>
                            </CATEGORYALLOCATIONS.LIST>
                        </ALLLEDGERENTRIES.LIST>
                        <ALLLEDGERENTRIES.LIST>
                            <LEDGERNAME>21101</LEDGERNAME>
                            <ISDEEMEDPOSITIVE>No</ISDEEMEDPOSITIVE>
                            <AMOUNT>018000.0000</AMOUNT>
                            <CATEGORYALLOCATIONS.LIST>
                                <CATEGORY>Primary Cost Category</CATEGORY>
                                <COSTCENTREALLOCATIONS.LIST>
                                    <NAME>MIAG-AO</NAME>
                                    <AMOUNT>018000.0000</AMOUNT>
                                </COSTCENTREALLOCATIONS.LIST>
                            </CATEGORYALLOCATIONS.LIST>
                        </ALLLEDGERENTRIES.LIST>
                        <ALLLEDGERENTRIES.LIST>
                            <LEDGERNAME>21102</LEDGERNAME>
                            <ISDEEMEDPOSITIVE>No</ISDEEMEDPOSITIVE>
                            <AMOUNT>000100.0000</AMOUNT>
                            <CATEGORYALLOCATIONS.LIST>
                                <CATEGORY>Primary Cost Category</CATEGORY>
                                <COSTCENTREALLOCATIONS.LIST>
                                    <NAME>MIAG-AO</NAME>
                                    <AMOUNT>000100.0000</AMOUNT>
                                </COSTCENTREALLOCATIONS.LIST>
                            </CATEGORYALLOCATIONS.LIST>
                        </ALLLEDGERENTRIES.LIST>
                        <ALLLEDGERENTRIES.LIST>
                            <LEDGERNAME>31101</LEDGERNAME>
                            <ISDEEMEDPOSITIVE>No</ISDEEMEDPOSITIVE>
                            <AMOUNT>000610.0000</AMOUNT>
                            <CATEGORYALLOCATIONS.LIST>
                                <CATEGORY>Primary Cost Category</CATEGORY>
                                <COSTCENTREALLOCATIONS.LIST>
                                    <NAME>MIAG-AO</NAME>
                                    <AMOUNT>000610.0000</AMOUNT>
                                </COSTCENTREALLOCATIONS.LIST>
                            </CATEGORYALLOCATIONS.LIST>
                        </ALLLEDGERENTRIES.LIST>
                    </VOUCHER>
                </TALLYMESSAGE>
                <TALLYMESSAGE xmlns:UDF="TallyUDF">
                    <VOUCHER VCHTYPE="Journal" ACTION="Create">
                        <DATE>20100208</DATE>
                        <VOUCHERTYPENAME>Journal</VOUCHERTYPENAME>
                        <NARRATION>Mifos - GL Interface 2010-10-02 to 2010-10-05.xml</NARRATION>
                        <ALLLEDGERENTRIES.LIST>
                            <LEDGERNAME>21101</LEDGERNAME>
                            <ISDEEMEDPOSITIVE>No</ISDEEMEDPOSITIVE>
                            <AMOUNT>000032.0000</AMOUNT>
                            <CATEGORYALLOCATIONS.LIST>
                                <CATEGORY>Primary Cost Category</CATEGORY>
                                <COSTCENTREALLOCATIONS.LIST>
                                    <NAME>MIAG-AO</NAME>
                                    <AMOUNT>000032.0000</AMOUNT>
                                </COSTCENTREALLOCATIONS.LIST>
                            </CATEGORYALLOCATIONS.LIST>
                        </ALLLEDGERENTRIES.LIST>
                        <ALLLEDGERENTRIES.LIST>
                            <LEDGERNAME>41101</LEDGERNAME>
                            <ISDEEMEDPOSITIVE>Yes</ISDEEMEDPOSITIVE>
                            <AMOUNT>-000032.0000</AMOUNT>
                            <CATEGORYALLOCATIONS.LIST>
                                <CATEGORY>Primary Cost Category</CATEGORY>
                                <COSTCENTREALLOCATIONS.LIST>
                                    <NAME>MIAG-AO</NAME>
                                    <AMOUNT>-000032.0000</AMOUNT>
                                </COSTCENTREALLOCATIONS.LIST>
                            </CATEGORYALLOCATIONS.LIST>
                        </ALLLEDGERENTRIES.LIST>
                    </VOUCHER>
                </TALLYMESSAGE>
                <TALLYMESSAGE xmlns:UDF="TallyUDF">
                    <VOUCHER VCHTYPE="Payment" ACTION="Create">
                        <DATE>20100208</DATE>
                        <VOUCHERTYPENAME>Payment</VOUCHERTYPENAME>
                        <NARRATION>Mifos - GL Interface 2010-10-02 to 2010-10-05.xml</NARRATION>
                        <ALLLEDGERENTRIES.LIST>
                            <LEDGERNAME>21101</LEDGERNAME>
                            <ISDEEMEDPOSITIVE>Yes</ISDEEMEDPOSITIVE>
                            <AMOUNT>-010567.0000</AMOUNT>
                            <CATEGORYALLOCATIONS.LIST>
                                <CATEGORY>Primary Cost Category</CATEGORY>
                                <COSTCENTREALLOCATIONS.LIST>
                                    <NAME>MIAG-AO</NAME>
                                    <AMOUNT>-010567.0000</AMOUNT>
                                </COSTCENTREALLOCATIONS.LIST>
                            </CATEGORYALLOCATIONS.LIST>
                        </ALLLEDGERENTRIES.LIST>
                        <ALLLEDGERENTRIES.LIST>
                            <LEDGERNAME>21102</LEDGERNAME>
                            <ISDEEMEDPOSITIVE>Yes</ISDEEMEDPOSITIVE>
                            <AMOUNT>-004312.0000</AMOUNT>
                            <CATEGORYALLOCATIONS.LIST>
                                <CATEGORY>Primary Cost Category</CATEGORY>
                                <COSTCENTREALLOCATIONS.LIST>
                                    <NAME>MIAG-AO</NAME>
                                    <AMOUNT>-004312.0000</AMOUNT>
                                </COSTCENTREALLOCATIONS.LIST>
                            </CATEGORYALLOCATIONS.LIST>
                        </ALLLEDGERENTRIES.LIST>
                        <ALLLEDGERENTRIES.LIST>
                            <LEDGERNAME>11201</LEDGERNAME>
                            <ISDEEMEDPOSITIVE>No</ISDEEMEDPOSITIVE>
                            <AMOUNT>014879.0000</AMOUNT>
                            <CATEGORYALLOCATIONS.LIST>
                                <CATEGORY>Primary Cost Category</CATEGORY>
                                <COSTCENTREALLOCATIONS.LIST>
                                    <NAME>MIAG-AO</NAME>
                                    <AMOUNT>014879.0000</AMOUNT>
                                </COSTCENTREALLOCATIONS.LIST>
                            </CATEGORYALLOCATIONS.LIST>
                        </ALLLEDGERENTRIES.LIST>
                    </VOUCHER>
                </TALLYMESSAGE>
                <TALLYMESSAGE xmlns:UDF="TallyUDF">
                    <VOUCHER VCHTYPE="Receipt" ACTION="Create">
                        <DATE>20100208</DATE>
                        <VOUCHERTYPENAME>Receipt</VOUCHERTYPENAME>
                        <NARRATION>Mifos - GL Interface 2010-10-02 to 2010-10-05.xml</NARRATION>
                        <ALLLEDGERENTRIES.LIST>
                            <LEDGERNAME>11201</LEDGERNAME>
                            <ISDEEMEDPOSITIVE>Yes</ISDEEMEDPOSITIVE>
                            <AMOUNT>-133776.0000</AMOUNT>
                            <CATEGORYALLOCATIONS.LIST>
                                <CATEGORY>Primary Cost Category</CATEGORY>
                                <COSTCENTREALLOCATIONS.LIST>
                                    <NAME>MIAG-AO</NAME>
                                    <AMOUNT>-133776.0000</AMOUNT>
                                </COSTCENTREALLOCATIONS.LIST>
                            </CATEGORYALLOCATIONS.LIST>
                        </ALLLEDGERENTRIES.LIST>
                        <ALLLEDGERENTRIES.LIST>
                            <LEDGERNAME>12101</LEDGERNAME>
                            <ISDEEMEDPOSITIVE>No</ISDEEMEDPOSITIVE>
                            <AMOUNT>098637.0000</AMOUNT>
                            <CATEGORYALLOCATIONS.LIST>
                                <CATEGORY>Primary Cost Category</CATEGORY>
                                <COSTCENTREALLOCATIONS.LIST>
                                    <NAME>MIAG-AO</NAME>
                                    <AMOUNT>098637.0000</AMOUNT>
                                </COSTCENTREALLOCATIONS.LIST>
                            </CATEGORYALLOCATIONS.LIST>
                        </ALLLEDGERENTRIES.LIST>
                        <ALLLEDGERENTRIES.LIST>
                            <LEDGERNAME>21101</LEDGERNAME>
                            <ISDEEMEDPOSITIVE>No</ISDEEMEDPOSITIVE>
                            <AMOUNT>007340.0000</AMOUNT>
                            <CATEGORYALLOCATIONS.LIST>
                                <CATEGORY>Primary Cost Category</CATEGORY>
                                <COSTCENTREALLOCATIONS.LIST>
                                    <NAME>MIAG-AO</NAME>
                                    <AMOUNT>007340.0000</AMOUNT>
                                </COSTCENTREALLOCATIONS.LIST>
                            </CATEGORYALLOCATIONS.LIST>
                        </ALLLEDGERENTRIES.LIST>
                        <ALLLEDGERENTRIES.LIST>
                            <LEDGERNAME>21102</LEDGERNAME>
                            <ISDEEMEDPOSITIVE>No</ISDEEMEDPOSITIVE>
                            <AMOUNT>002673.0000</AMOUNT>
                            <CATEGORYALLOCATIONS.LIST>
                                <CATEGORY>Primary Cost Category</CATEGORY>
                                <COSTCENTREALLOCATIONS.LIST>
                                    <NAME>MIAG-AO</NAME>
                                    <AMOUNT>002673.0000</AMOUNT>
                                </COSTCENTREALLOCATIONS.LIST>
                            </CATEGORYALLOCATIONS.LIST>
                        </ALLLEDGERENTRIES.LIST>
                        <ALLLEDGERENTRIES.LIST>
                            <LEDGERNAME>31101</LEDGERNAME>
                            <ISDEEMEDPOSITIVE>No</ISDEEMEDPOSITIVE>
                            <AMOUNT>017530.0000</AMOUNT>
                            <CATEGORYALLOCATIONS.LIST>
                                <CATEGORY>Primary Cost Category</CATEGORY>
                                <COSTCENTREALLOCATIONS.LIST>
                                    <NAME>MIAG-AO</NAME>
                                    <AMOUNT>017530.0000</AMOUNT>
                                </COSTCENTREALLOCATIONS.LIST>
                            </CATEGORYALLOCATIONS.LIST>
                        </ALLLEDGERENTRIES.LIST>
                        <ALLLEDGERENTRIES.LIST>
                            <LEDGERNAME>31201</LEDGERNAME>
                            <ISDEEMEDPOSITIVE>No</ISDEEMEDPOSITIVE>
                            <AMOUNT>007596.0000</AMOUNT>
                            <CATEGORYALLOCATIONS.LIST>
                                <CATEGORY>Primary Cost Category</CATEGORY>
                                <COSTCENTREALLOCATIONS.LIST>
                                    <NAME>MIAG-AO</NAME>
                                    <AMOUNT>007596.0000</AMOUNT>
                                </COSTCENTREALLOCATIONS.LIST>
                            </CATEGORYALLOCATIONS.LIST>
                        </ALLLEDGERENTRIES.LIST>
                    </VOUCHER>
                </TALLYMESSAGE>
                <TALLYMESSAGE xmlns:UDF="TallyUDF">
                    <VOUCHER VCHTYPE="Journal" ACTION="Create">
                        <DATE>20100209</DATE>
                        <VOUCHERTYPENAME>Journal</VOUCHERTYPENAME>
                        <NARRATION>Mifos - GL Interface 2010-10-02 to 2010-10-05.xml</NARRATION>
                        <ALLLEDGERENTRIES.LIST>
                            <LEDGERNAME>21101</LEDGERNAME>
                            <ISDEEMEDPOSITIVE>No</ISDEEMEDPOSITIVE>
                            <AMOUNT>000029.0000</AMOUNT>
                            <CATEGORYALLOCATIONS.LIST>
                                <CATEGORY>Primary Cost Category</CATEGORY>
                                <COSTCENTREALLOCATIONS.LIST>
                                    <NAME>MIAG-AO</NAME>
                                    <AMOUNT>000029.0000</AMOUNT>
                                </COSTCENTREALLOCATIONS.LIST>
                            </CATEGORYALLOCATIONS.LIST>
                        </ALLLEDGERENTRIES.LIST>
                        <ALLLEDGERENTRIES.LIST>
                            <LEDGERNAME>41101</LEDGERNAME>
                            <ISDEEMEDPOSITIVE>Yes</ISDEEMEDPOSITIVE>
                            <AMOUNT>-000029.0000</AMOUNT>
                            <CATEGORYALLOCATIONS.LIST>
                                <CATEGORY>Primary Cost Category</CATEGORY>
                                <COSTCENTREALLOCATIONS.LIST>
                                    <NAME>MIAG-AO</NAME>
                                    <AMOUNT>-000029.0000</AMOUNT>
                                </COSTCENTREALLOCATIONS.LIST>
                            </CATEGORYALLOCATIONS.LIST>
                        </ALLLEDGERENTRIES.LIST>
                    </VOUCHER>
                </TALLYMESSAGE>
                <TALLYMESSAGE xmlns:UDF="TallyUDF">
                    <VOUCHER VCHTYPE="Payment" ACTION="Create">
                        <DATE>20100209</DATE>
                        <VOUCHERTYPENAME>Payment</VOUCHERTYPENAME>
                        <NARRATION>Mifos - GL Interface 2010-10-02 to 2010-10-05.xml</NARRATION>
                        <ALLLEDGERENTRIES.LIST>
                            <LEDGERNAME>21101</LEDGERNAME>
                            <ISDEEMEDPOSITIVE>Yes</ISDEEMEDPOSITIVE>
                            <AMOUNT>-006528.0000</AMOUNT>
                            <CATEGORYALLOCATIONS.LIST>
                                <CATEGORY>Primary Cost Category</CATEGORY>
                                <COSTCENTREALLOCATIONS.LIST>
                                    <NAME>MIAG-AO</NAME>
                                    <AMOUNT>-006528.0000</AMOUNT>
                                </COSTCENTREALLOCATIONS.LIST>
                            </CATEGORYALLOCATIONS.LIST>
                        </ALLLEDGERENTRIES.LIST>
                        <ALLLEDGERENTRIES.LIST>
                            <LEDGERNAME>21102</LEDGERNAME>
                            <ISDEEMEDPOSITIVE>Yes</ISDEEMEDPOSITIVE>
                            <AMOUNT>-000119.0000</AMOUNT>
                            <CATEGORYALLOCATIONS.LIST>
                                <CATEGORY>Primary Cost Category</CATEGORY>
                                <COSTCENTREALLOCATIONS.LIST>
                                    <NAME>MIAG-AO</NAME>
                                    <AMOUNT>-000119.0000</AMOUNT>
                                </COSTCENTREALLOCATIONS.LIST>
                            </CATEGORYALLOCATIONS.LIST>
                        </ALLLEDGERENTRIES.LIST>
                        <ALLLEDGERENTRIES.LIST>
                            <LEDGERNAME>11201</LEDGERNAME>
                            <ISDEEMEDPOSITIVE>No</ISDEEMEDPOSITIVE>
                            <AMOUNT>006647.0000</AMOUNT>
                            <CATEGORYALLOCATIONS.LIST>
                                <CATEGORY>Primary Cost Category</CATEGORY>
                                <COSTCENTREALLOCATIONS.LIST>
                                    <NAME>MIAG-AO</NAME>
                                    <AMOUNT>006647.0000</AMOUNT>
                                </COSTCENTREALLOCATIONS.LIST>
                            </CATEGORYALLOCATIONS.LIST>
                        </ALLLEDGERENTRIES.LIST>
                    </VOUCHER>
                </TALLYMESSAGE>
                <TALLYMESSAGE xmlns:UDF="TallyUDF">
                    <VOUCHER VCHTYPE="Receipt" ACTION="Create">
                        <DATE>20100209</DATE>
                        <VOUCHERTYPENAME>Receipt</VOUCHERTYPENAME>
                        <NARRATION>Mifos - GL Interface 2010-10-02 to 2010-10-05.xml</NARRATION>
                        <ALLLEDGERENTRIES.LIST>
                            <LEDGERNAME>11201</LEDGERNAME>
                            <ISDEEMEDPOSITIVE>Yes</ISDEEMEDPOSITIVE>
                            <AMOUNT>-042049.0000</AMOUNT>
                            <CATEGORYALLOCATIONS.LIST>
                                <CATEGORY>Primary Cost Category</CATEGORY>
                                <COSTCENTREALLOCATIONS.LIST>
                                    <NAME>MIAG-AO</NAME>
                                    <AMOUNT>-042049.0000</AMOUNT>
                                </COSTCENTREALLOCATIONS.LIST>
                            </CATEGORYALLOCATIONS.LIST>
                        </ALLLEDGERENTRIES.LIST>
                        <ALLLEDGERENTRIES.LIST>
                            <LEDGERNAME>12101</LEDGERNAME>
                            <ISDEEMEDPOSITIVE>No</ISDEEMEDPOSITIVE>
                            <AMOUNT>032976.0000</AMOUNT>
                            <CATEGORYALLOCATIONS.LIST>
                                <CATEGORY>Primary Cost Category</CATEGORY>
                                <COSTCENTREALLOCATIONS.LIST>
                                    <NAME>MIAG-AO</NAME>
                                    <AMOUNT>032976.0000</AMOUNT>
                                </COSTCENTREALLOCATIONS.LIST>
                            </CATEGORYALLOCATIONS.LIST>
                        </ALLLEDGERENTRIES.LIST>
                        <ALLLEDGERENTRIES.LIST>
                            <LEDGERNAME>21101</LEDGERNAME>
                            <ISDEEMEDPOSITIVE>No</ISDEEMEDPOSITIVE>
                            <AMOUNT>001400.0000</AMOUNT>
                            <CATEGORYALLOCATIONS.LIST>
                                <CATEGORY>Primary Cost Category</CATEGORY>
                                <COSTCENTREALLOCATIONS.LIST>
                                    <NAME>MIAG-AO</NAME>
                                    <AMOUNT>001400.0000</AMOUNT>
                                </COSTCENTREALLOCATIONS.LIST>
                            </CATEGORYALLOCATIONS.LIST>
                        </ALLLEDGERENTRIES.LIST>
                        <ALLLEDGERENTRIES.LIST>
                            <LEDGERNAME>21102</LEDGERNAME>
                            <ISDEEMEDPOSITIVE>No</ISDEEMEDPOSITIVE>
                            <AMOUNT>000375.0000</AMOUNT>
                            <CATEGORYALLOCATIONS.LIST>
                                <CATEGORY>Primary Cost Category</CATEGORY>
                                <COSTCENTREALLOCATIONS.LIST>
                                    <NAME>MIAG-AO</NAME>
                                    <AMOUNT>000375.0000</AMOUNT>
                                </COSTCENTREALLOCATIONS.LIST>
                            </CATEGORYALLOCATIONS.LIST>
                        </ALLLEDGERENTRIES.LIST>
                        <ALLLEDGERENTRIES.LIST>
                            <LEDGERNAME>31101</LEDGERNAME>
                            <ISDEEMEDPOSITIVE>No</ISDEEMEDPOSITIVE>
                            <AMOUNT>005930.0000</AMOUNT>
                            <CATEGORYALLOCATIONS.LIST>
                                <CATEGORY>Primary Cost Category</CATEGORY>
                                <COSTCENTREALLOCATIONS.LIST>
                                    <NAME>MIAG-AO</NAME>
                                    <AMOUNT>005930.0000</AMOUNT>
                                </COSTCENTREALLOCATIONS.LIST>
                            </CATEGORYALLOCATIONS.LIST>
                        </ALLLEDGERENTRIES.LIST>
                        <ALLLEDGERENTRIES.LIST>
                            <LEDGERNAME>31201</LEDGERNAME>
                            <ISDEEMEDPOSITIVE>No</ISDEEMEDPOSITIVE>
                            <AMOUNT>001368.0000</AMOUNT>
                            <CATEGORYALLOCATIONS.LIST>
                                <CATEGORY>Primary Cost Category</CATEGORY>
                                <COSTCENTREALLOCATIONS.LIST>
                                    <NAME>MIAG-AO</NAME>
                                    <AMOUNT>001368.0000</AMOUNT>
                                </COSTCENTREALLOCATIONS.LIST>
                            </CATEGORYALLOCATIONS.LIST>
                        </ALLLEDGERENTRIES.LIST>
                    </VOUCHER>
                </TALLYMESSAGE>
                <TALLYMESSAGE xmlns:UDF="TallyUDF">
                    <VOUCHER VCHTYPE="Journal" ACTION="Create">
                        <DATE>20100127</DATE>
                        <VOUCHERTYPENAME>Journal</VOUCHERTYPENAME>
                        <NARRATION>Mifos - GL Interface 2010-10-02 to 2010-10-05.xml</NARRATION>
                        <ALLLEDGERENTRIES.LIST>
                            <LEDGERNAME>11201</LEDGERNAME>
                            <ISDEEMEDPOSITIVE>No</ISDEEMEDPOSITIVE>
                            <AMOUNT>000750.0000</AMOUNT>
                            <CATEGORYALLOCATIONS.LIST>
                                <CATEGORY>Primary Cost Category</CATEGORY>
                                <COSTCENTREALLOCATIONS.LIST>
                                    <NAME>OTON</NAME>
                                    <AMOUNT>000750.0000</AMOUNT>
                                </COSTCENTREALLOCATIONS.LIST>
                            </CATEGORYALLOCATIONS.LIST>
                        </ALLLEDGERENTRIES.LIST>
                        <ALLLEDGERENTRIES.LIST>
                            <LEDGERNAME>21101</LEDGERNAME>
                            <ISDEEMEDPOSITIVE>Yes</ISDEEMEDPOSITIVE>
                            <AMOUNT>-000750.0000</AMOUNT>
                            <CATEGORYALLOCATIONS.LIST>
                                <CATEGORY>Primary Cost Category</CATEGORY>
                                <COSTCENTREALLOCATIONS.LIST>
                                    <NAME>OTON</NAME>
                                    <AMOUNT>-000750.0000</AMOUNT>
                                </COSTCENTREALLOCATIONS.LIST>
                            </CATEGORYALLOCATIONS.LIST>
                        </ALLLEDGERENTRIES.LIST>
                    </VOUCHER>
                </TALLYMESSAGE>
                <TALLYMESSAGE xmlns:UDF="TallyUDF">
                    <VOUCHER VCHTYPE="Receipt" ACTION="Create">
                        <DATE>20100127</DATE>
                        <VOUCHERTYPENAME>Receipt</VOUCHERTYPENAME>
                        <NARRATION>Mifos - GL Interface 2010-10-02 to 2010-10-05.xml</NARRATION>
                        <ALLLEDGERENTRIES.LIST>
                            <LEDGERNAME>11201</LEDGERNAME>
                            <ISDEEMEDPOSITIVE>Yes</ISDEEMEDPOSITIVE>
                            <AMOUNT>-001250.0000</AMOUNT>
                            <CATEGORYALLOCATIONS.LIST>
                                <CATEGORY>Primary Cost Category</CATEGORY>
                                <COSTCENTREALLOCATIONS.LIST>
                                    <NAME>OTON</NAME>
                                    <AMOUNT>-001250.0000</AMOUNT>
                                </COSTCENTREALLOCATIONS.LIST>
                            </CATEGORYALLOCATIONS.LIST>
                        </ALLLEDGERENTRIES.LIST>
                        <ALLLEDGERENTRIES.LIST>
                            <LEDGERNAME>21101</LEDGERNAME>
                            <ISDEEMEDPOSITIVE>No</ISDEEMEDPOSITIVE>
                            <AMOUNT>001250.0000</AMOUNT>
                            <CATEGORYALLOCATIONS.LIST>
                                <CATEGORY>Primary Cost Category</CATEGORY>
                                <COSTCENTREALLOCATIONS.LIST>
                                    <NAME>OTON</NAME>
                                    <AMOUNT>001250.0000</AMOUNT>
                                </COSTCENTREALLOCATIONS.LIST>
                            </CATEGORYALLOCATIONS.LIST>
                        </ALLLEDGERENTRIES.LIST>
                    </VOUCHER>
                </TALLYMESSAGE>
                <TALLYMESSAGE xmlns:UDF="TallyUDF">
                    <VOUCHER VCHTYPE="Payment" ACTION="Create">
                        <DATE>20100201</DATE>
                        <VOUCHERTYPENAME>Payment</VOUCHERTYPENAME>
                        <NARRATION>Mifos - GL Interface 2010-10-02 to 2010-10-05.xml</NARRATION>
                        <ALLLEDGERENTRIES.LIST>
                            <LEDGERNAME>12101</LEDGERNAME>
                            <ISDEEMEDPOSITIVE>Yes</ISDEEMEDPOSITIVE>
                            <AMOUNT>-199500.0000</AMOUNT>
                            <CATEGORYALLOCATIONS.LIST>
                                <CATEGORY>Primary Cost Category</CATEGORY>
                                <COSTCENTREALLOCATIONS.LIST>
                                    <NAME>OTON</NAME>
                                    <AMOUNT>-199500.0000</AMOUNT>
                                </COSTCENTREALLOCATIONS.LIST>
                            </CATEGORYALLOCATIONS.LIST>
                        </ALLLEDGERENTRIES.LIST>
                        <ALLLEDGERENTRIES.LIST>
                            <LEDGERNAME>21101</LEDGERNAME>
                            <ISDEEMEDPOSITIVE>Yes</ISDEEMEDPOSITIVE>
                            <AMOUNT>-006400.0000</AMOUNT>
                            <CATEGORYALLOCATIONS.LIST>
                                <CATEGORY>Primary Cost Category</CATEGORY>
                                <COSTCENTREALLOCATIONS.LIST>
                                    <NAME>OTON</NAME>
                                    <AMOUNT>-006400.0000</AMOUNT>
                                </COSTCENTREALLOCATIONS.LIST>
                            </CATEGORYALLOCATIONS.LIST>
                        </ALLLEDGERENTRIES.LIST>
                        <ALLLEDGERENTRIES.LIST>
                            <LEDGERNAME>21102</LEDGERNAME>
                            <ISDEEMEDPOSITIVE>Yes</ISDEEMEDPOSITIVE>
                            <AMOUNT>-003096.0000</AMOUNT>
                            <CATEGORYALLOCATIONS.LIST>
                                <CATEGORY>Primary Cost Category</CATEGORY>
                                <COSTCENTREALLOCATIONS.LIST>
                                    <NAME>OTON</NAME>
                                    <AMOUNT>-003096.0000</AMOUNT>
                                </COSTCENTREALLOCATIONS.LIST>
                            </CATEGORYALLOCATIONS.LIST>
                        </ALLLEDGERENTRIES.LIST>
                        <ALLLEDGERENTRIES.LIST>
                            <LEDGERNAME>11201</LEDGERNAME>
                            <ISDEEMEDPOSITIVE>No</ISDEEMEDPOSITIVE>
                            <AMOUNT>208996.0000</AMOUNT>
                            <CATEGORYALLOCATIONS.LIST>
                                <CATEGORY>Primary Cost Category</CATEGORY>
                                <COSTCENTREALLOCATIONS.LIST>
                                    <NAME>OTON</NAME>
                                    <AMOUNT>208996.0000</AMOUNT>
                                </COSTCENTREALLOCATIONS.LIST>
                            </CATEGORYALLOCATIONS.LIST>
                        </ALLLEDGERENTRIES.LIST>
                    </VOUCHER>
                </TALLYMESSAGE>
                <TALLYMESSAGE xmlns:UDF="TallyUDF">
                    <VOUCHER VCHTYPE="Receipt" ACTION="Create">
                        <DATE>20100201</DATE>
                        <VOUCHERTYPENAME>Receipt</VOUCHERTYPENAME>
                        <NARRATION>Mifos - GL Interface 2010-10-02 to 2010-10-05.xml</NARRATION>
                        <ALLLEDGERENTRIES.LIST>
                            <LEDGERNAME>11201</LEDGERNAME>
                            <ISDEEMEDPOSITIVE>Yes</ISDEEMEDPOSITIVE>
                            <AMOUNT>-285235.0000</AMOUNT>
                            <CATEGORYALLOCATIONS.LIST>
                                <CATEGORY>Primary Cost Category</CATEGORY>
                                <COSTCENTREALLOCATIONS.LIST>
                                    <NAME>OTON</NAME>
                                    <AMOUNT>-285235.0000</AMOUNT>
                                </COSTCENTREALLOCATIONS.LIST>
                            </CATEGORYALLOCATIONS.LIST>
                        </ALLLEDGERENTRIES.LIST>
                        <ALLLEDGERENTRIES.LIST>
                            <LEDGERNAME>12101</LEDGERNAME>
                            <ISDEEMEDPOSITIVE>No</ISDEEMEDPOSITIVE>
                            <AMOUNT>205844.0000</AMOUNT>
                            <CATEGORYALLOCATIONS.LIST>
                                <CATEGORY>Primary Cost Category</CATEGORY>
                                <COSTCENTREALLOCATIONS.LIST>
                                    <NAME>OTON</NAME>
                                    <AMOUNT>205844.0000</AMOUNT>
                                </COSTCENTREALLOCATIONS.LIST>
                            </CATEGORYALLOCATIONS.LIST>
                        </ALLLEDGERENTRIES.LIST>
                        <ALLLEDGERENTRIES.LIST>
                            <LEDGERNAME>21101</LEDGERNAME>
                            <ISDEEMEDPOSITIVE>No</ISDEEMEDPOSITIVE>
                            <AMOUNT>018715.0000</AMOUNT>
                            <CATEGORYALLOCATIONS.LIST>
                                <CATEGORY>Primary Cost Category</CATEGORY>
                                <COSTCENTREALLOCATIONS.LIST>
                                    <NAME>OTON</NAME>
                                    <AMOUNT>018715.0000</AMOUNT>
                                </COSTCENTREALLOCATIONS.LIST>
                            </CATEGORYALLOCATIONS.LIST>
                        </ALLLEDGERENTRIES.LIST>
                        <ALLLEDGERENTRIES.LIST>
                            <LEDGERNAME>21102</LEDGERNAME>
                            <ISDEEMEDPOSITIVE>No</ISDEEMEDPOSITIVE>
                            <AMOUNT>002894.0000</AMOUNT>
                            <CATEGORYALLOCATIONS.LIST>
                                <CATEGORY>Primary Cost Category</CATEGORY>
                                <COSTCENTREALLOCATIONS.LIST>
                                    <NAME>OTON</NAME>
                                    <AMOUNT>002894.0000</AMOUNT>
                                </COSTCENTREALLOCATIONS.LIST>
                            </CATEGORYALLOCATIONS.LIST>
                        </ALLLEDGERENTRIES.LIST>
                        <ALLLEDGERENTRIES.LIST>
                            <LEDGERNAME>31101</LEDGERNAME>
                            <ISDEEMEDPOSITIVE>No</ISDEEMEDPOSITIVE>
                            <AMOUNT>039239.0000</AMOUNT>
                            <CATEGORYALLOCATIONS.LIST>
                                <CATEGORY>Primary Cost Category</CATEGORY>
                                <COSTCENTREALLOCATIONS.LIST>
                                    <NAME>OTON</NAME>
                                    <AMOUNT>039239.0000</AMOUNT>
                                </COSTCENTREALLOCATIONS.LIST>
                            </CATEGORYALLOCATIONS.LIST>
                        </ALLLEDGERENTRIES.LIST>
                        <ALLLEDGERENTRIES.LIST>
                            <LEDGERNAME>31201</LEDGERNAME>
                            <ISDEEMEDPOSITIVE>No</ISDEEMEDPOSITIVE>
                            <AMOUNT>018543.0000</AMOUNT>
                            <CATEGORYALLOCATIONS.LIST>
                                <CATEGORY>Primary Cost Category</CATEGORY>
                                <COSTCENTREALLOCATIONS.LIST>
                                    <NAME>OTON</NAME>
                                    <AMOUNT>018543.0000</AMOUNT>
                                </COSTCENTREALLOCATIONS.LIST>
                            </CATEGORYALLOCATIONS.LIST>
                        </ALLLEDGERENTRIES.LIST>
                    </VOUCHER>
                </TALLYMESSAGE>
                <TALLYMESSAGE xmlns:UDF="TallyUDF">
                    <VOUCHER VCHTYPE="Payment" ACTION="Create">
                        <DATE>20100202</DATE>
                        <VOUCHERTYPENAME>Payment</VOUCHERTYPENAME>
                        <NARRATION>Mifos - GL Interface 2010-10-02 to 2010-10-05.xml</NARRATION>
                        <ALLLEDGERENTRIES.LIST>
                            <LEDGERNAME>12101</LEDGERNAME>
                            <ISDEEMEDPOSITIVE>Yes</ISDEEMEDPOSITIVE>
                            <AMOUNT>-097000.0000</AMOUNT>
                            <CATEGORYALLOCATIONS.LIST>
                                <CATEGORY>Primary Cost Category</CATEGORY>
                                <COSTCENTREALLOCATIONS.LIST>
                                    <NAME>OTON</NAME>
                                    <AMOUNT>-097000.0000</AMOUNT>
                                </COSTCENTREALLOCATIONS.LIST>
                            </CATEGORYALLOCATIONS.LIST>
                        </ALLLEDGERENTRIES.LIST>
                        <ALLLEDGERENTRIES.LIST>
                            <LEDGERNAME>21101</LEDGERNAME>
                            <ISDEEMEDPOSITIVE>Yes</ISDEEMEDPOSITIVE>
                            <AMOUNT>-003400.0000</AMOUNT>
                            <CATEGORYALLOCATIONS.LIST>
                                <CATEGORY>Primary Cost Category</CATEGORY>
                                <COSTCENTREALLOCATIONS.LIST>
                                    <NAME>OTON</NAME>
                                    <AMOUNT>-003400.0000</AMOUNT>
                                </COSTCENTREALLOCATIONS.LIST>
                            </CATEGORYALLOCATIONS.LIST>
                        </ALLLEDGERENTRIES.LIST>
                        <ALLLEDGERENTRIES.LIST>
                            <LEDGERNAME>21102</LEDGERNAME>
                            <ISDEEMEDPOSITIVE>Yes</ISDEEMEDPOSITIVE>
                            <AMOUNT>-000200.0000</AMOUNT>
                            <CATEGORYALLOCATIONS.LIST>
                                <CATEGORY>Primary Cost Category</CATEGORY>
                                <COSTCENTREALLOCATIONS.LIST>
                                    <NAME>OTON</NAME>
                                    <AMOUNT>-000200.0000</AMOUNT>
                                </COSTCENTREALLOCATIONS.LIST>
                            </CATEGORYALLOCATIONS.LIST>
                        </ALLLEDGERENTRIES.LIST>
                        <ALLLEDGERENTRIES.LIST>
                            <LEDGERNAME>11201</LEDGERNAME>
                            <ISDEEMEDPOSITIVE>No</ISDEEMEDPOSITIVE>
                            <AMOUNT>100600.0000</AMOUNT>
                            <CATEGORYALLOCATIONS.LIST>
                                <CATEGORY>Primary Cost Category</CATEGORY>
                                <COSTCENTREALLOCATIONS.LIST>
                                    <NAME>OTON</NAME>
                                    <AMOUNT>100600.0000</AMOUNT>
                                </COSTCENTREALLOCATIONS.LIST>
                            </CATEGORYALLOCATIONS.LIST>
                        </ALLLEDGERENTRIES.LIST>
                    </VOUCHER>
                </TALLYMESSAGE>
                <TALLYMESSAGE xmlns:UDF="TallyUDF">
                    <VOUCHER VCHTYPE="Receipt" ACTION="Create">
                        <DATE>20100202</DATE>
                        <VOUCHERTYPENAME>Receipt</VOUCHERTYPENAME>
                        <NARRATION>Mifos - GL Interface 2010-10-02 to 2010-10-05.xml</NARRATION>
                        <ALLLEDGERENTRIES.LIST>
                            <LEDGERNAME>11201</LEDGERNAME>
                            <ISDEEMEDPOSITIVE>Yes</ISDEEMEDPOSITIVE>
                            <AMOUNT>-166830.0000</AMOUNT>
                            <CATEGORYALLOCATIONS.LIST>
                                <CATEGORY>Primary Cost Category</CATEGORY>
                                <COSTCENTREALLOCATIONS.LIST>
                                    <NAME>OTON</NAME>
                                    <AMOUNT>-166830.0000</AMOUNT>
                                </COSTCENTREALLOCATIONS.LIST>
                            </CATEGORYALLOCATIONS.LIST>
                        </ALLLEDGERENTRIES.LIST>
                        <ALLLEDGERENTRIES.LIST>
                            <LEDGERNAME>12101</LEDGERNAME>
                            <ISDEEMEDPOSITIVE>No</ISDEEMEDPOSITIVE>
                            <AMOUNT>120919.0000</AMOUNT>
                            <CATEGORYALLOCATIONS.LIST>
                                <CATEGORY>Primary Cost Category</CATEGORY>
                                <COSTCENTREALLOCATIONS.LIST>
                                    <NAME>OTON</NAME>
                                    <AMOUNT>120919.0000</AMOUNT>
                                </COSTCENTREALLOCATIONS.LIST>
                            </CATEGORYALLOCATIONS.LIST>
                        </ALLLEDGERENTRIES.LIST>
                        <ALLLEDGERENTRIES.LIST>
                            <LEDGERNAME>21101</LEDGERNAME>
                            <ISDEEMEDPOSITIVE>No</ISDEEMEDPOSITIVE>
                            <AMOUNT>010160.0000</AMOUNT>
                            <CATEGORYALLOCATIONS.LIST>
                                <CATEGORY>Primary Cost Category</CATEGORY>
                                <COSTCENTREALLOCATIONS.LIST>
                                    <NAME>OTON</NAME>
                                    <AMOUNT>010160.0000</AMOUNT>
                                </COSTCENTREALLOCATIONS.LIST>
                            </CATEGORYALLOCATIONS.LIST>
                        </ALLLEDGERENTRIES.LIST>
                        <ALLLEDGERENTRIES.LIST>
                            <LEDGERNAME>21102</LEDGERNAME>
                            <ISDEEMEDPOSITIVE>No</ISDEEMEDPOSITIVE>
                            <AMOUNT>002485.0000</AMOUNT>
                            <CATEGORYALLOCATIONS.LIST>
                                <CATEGORY>Primary Cost Category</CATEGORY>
                                <COSTCENTREALLOCATIONS.LIST>
                                    <NAME>OTON</NAME>
                                    <AMOUNT>002485.0000</AMOUNT>
                                </COSTCENTREALLOCATIONS.LIST>
                            </CATEGORYALLOCATIONS.LIST>
                        </ALLLEDGERENTRIES.LIST>
                        <ALLLEDGERENTRIES.LIST>
                            <LEDGERNAME>31101</LEDGERNAME>
                            <ISDEEMEDPOSITIVE>No</ISDEEMEDPOSITIVE>
                            <AMOUNT>022278.0000</AMOUNT>
                            <CATEGORYALLOCATIONS.LIST>
                                <CATEGORY>Primary Cost Category</CATEGORY>
                                <COSTCENTREALLOCATIONS.LIST>
                                    <NAME>OTON</NAME>
                                    <AMOUNT>022278.0000</AMOUNT>
                                </COSTCENTREALLOCATIONS.LIST>
                            </CATEGORYALLOCATIONS.LIST>
                        </ALLLEDGERENTRIES.LIST>
                        <ALLLEDGERENTRIES.LIST>
                            <LEDGERNAME>31201</LEDGERNAME>
                            <ISDEEMEDPOSITIVE>No</ISDEEMEDPOSITIVE>
                            <AMOUNT>010988.0000</AMOUNT>
                            <CATEGORYALLOCATIONS.LIST>
                                <CATEGORY>Primary Cost Category</CATEGORY>
                                <COSTCENTREALLOCATIONS.LIST>
                                    <NAME>OTON</NAME>
                                    <AMOUNT>010988.0000</AMOUNT>
                                </COSTCENTREALLOCATIONS.LIST>
                            </CATEGORYALLOCATIONS.LIST>
                        </ALLLEDGERENTRIES.LIST>
                    </VOUCHER>
                </TALLYMESSAGE>
                <TALLYMESSAGE xmlns:UDF="TallyUDF">
                    <VOUCHER VCHTYPE="Payment" ACTION="Create">
                        <DATE>20100203</DATE>
                        <VOUCHERTYPENAME>Payment</VOUCHERTYPENAME>
                        <NARRATION>Mifos - GL Interface 2010-10-02 to 2010-10-05.xml</NARRATION>
                        <ALLLEDGERENTRIES.LIST>
                            <LEDGERNAME>12101</LEDGERNAME>
                            <ISDEEMEDPOSITIVE>Yes</ISDEEMEDPOSITIVE>
                            <AMOUNT>-155500.0000</AMOUNT>
                            <CATEGORYALLOCATIONS.LIST>
                                <CATEGORY>Primary Cost Category</CATEGORY>
                                <COSTCENTREALLOCATIONS.LIST>
                                    <NAME>OTON</NAME>
                                    <AMOUNT>-155500.0000</AMOUNT>
                                </COSTCENTREALLOCATIONS.LIST>
                            </CATEGORYALLOCATIONS.LIST>
                        </ALLLEDGERENTRIES.LIST>
                        <ALLLEDGERENTRIES.LIST>
                            <LEDGERNAME>21101</LEDGERNAME>
                            <ISDEEMEDPOSITIVE>Yes</ISDEEMEDPOSITIVE>
                            <AMOUNT>-001000.0000</AMOUNT>
                            <CATEGORYALLOCATIONS.LIST>
                                <CATEGORY>Primary Cost Category</CATEGORY>
                                <COSTCENTREALLOCATIONS.LIST>
                                    <NAME>OTON</NAME>
                                    <AMOUNT>-001000.0000</AMOUNT>
                                </COSTCENTREALLOCATIONS.LIST>
                            </CATEGORYALLOCATIONS.LIST>
                        </ALLLEDGERENTRIES.LIST>
                        <ALLLEDGERENTRIES.LIST>
                            <LEDGERNAME>21102</LEDGERNAME>
                            <ISDEEMEDPOSITIVE>Yes</ISDEEMEDPOSITIVE>
                            <AMOUNT>-025938.0000</AMOUNT>
                            <CATEGORYALLOCATIONS.LIST>
                                <CATEGORY>Primary Cost Category</CATEGORY>
                                <COSTCENTREALLOCATIONS.LIST>
                                    <NAME>OTON</NAME>
                                    <AMOUNT>-025938.0000</AMOUNT>
                                </COSTCENTREALLOCATIONS.LIST>
                            </CATEGORYALLOCATIONS.LIST>
                        </ALLLEDGERENTRIES.LIST>
                        <ALLLEDGERENTRIES.LIST>
                            <LEDGERNAME>11201</LEDGERNAME>
                            <ISDEEMEDPOSITIVE>No</ISDEEMEDPOSITIVE>
                            <AMOUNT>182438.0000</AMOUNT>
                            <CATEGORYALLOCATIONS.LIST>
                                <CATEGORY>Primary Cost Category</CATEGORY>
                                <COSTCENTREALLOCATIONS.LIST>
                                    <NAME>OTON</NAME>
                                    <AMOUNT>182438.0000</AMOUNT>
                                </COSTCENTREALLOCATIONS.LIST>
                            </CATEGORYALLOCATIONS.LIST>
                        </ALLLEDGERENTRIES.LIST>
                    </VOUCHER>
                </TALLYMESSAGE>
                <TALLYMESSAGE xmlns:UDF="TallyUDF">
                    <VOUCHER VCHTYPE="Receipt" ACTION="Create">
                        <DATE>20100203</DATE>
                        <VOUCHERTYPENAME>Receipt</VOUCHERTYPENAME>
                        <NARRATION>Mifos - GL Interface 2010-10-02 to 2010-10-05.xml</NARRATION>
                        <ALLLEDGERENTRIES.LIST>
                            <LEDGERNAME>11201</LEDGERNAME>
                            <ISDEEMEDPOSITIVE>Yes</ISDEEMEDPOSITIVE>
                            <AMOUNT>-159938.0000</AMOUNT>
                            <CATEGORYALLOCATIONS.LIST>
                                <CATEGORY>Primary Cost Category</CATEGORY>
                                <COSTCENTREALLOCATIONS.LIST>
                                    <NAME>OTON</NAME>
                                    <AMOUNT>-159938.0000</AMOUNT>
                                </COSTCENTREALLOCATIONS.LIST>
                            </CATEGORYALLOCATIONS.LIST>
                        </ALLLEDGERENTRIES.LIST>
                        <ALLLEDGERENTRIES.LIST>
                            <LEDGERNAME>12101</LEDGERNAME>
                            <ISDEEMEDPOSITIVE>No</ISDEEMEDPOSITIVE>
                            <AMOUNT>114144.0000</AMOUNT>
                            <CATEGORYALLOCATIONS.LIST>
                                <CATEGORY>Primary Cost Category</CATEGORY>
                                <COSTCENTREALLOCATIONS.LIST>
                                    <NAME>OTON</NAME>
                                    <AMOUNT>114144.0000</AMOUNT>
                                </COSTCENTREALLOCATIONS.LIST>
                            </CATEGORYALLOCATIONS.LIST>
                        </ALLLEDGERENTRIES.LIST>
                        <ALLLEDGERENTRIES.LIST>
                            <LEDGERNAME>21101</LEDGERNAME>
                            <ISDEEMEDPOSITIVE>No</ISDEEMEDPOSITIVE>
                            <AMOUNT>011795.0000</AMOUNT>
                            <CATEGORYALLOCATIONS.LIST>
                                <CATEGORY>Primary Cost Category</CATEGORY>
                                <COSTCENTREALLOCATIONS.LIST>
                                    <NAME>OTON</NAME>
                                    <AMOUNT>011795.0000</AMOUNT>
                                </COSTCENTREALLOCATIONS.LIST>
                            </CATEGORYALLOCATIONS.LIST>
                        </ALLLEDGERENTRIES.LIST>
                        <ALLLEDGERENTRIES.LIST>
                            <LEDGERNAME>21102</LEDGERNAME>
                            <ISDEEMEDPOSITIVE>No</ISDEEMEDPOSITIVE>
                            <AMOUNT>002234.0000</AMOUNT>
                            <CATEGORYALLOCATIONS.LIST>
                                <CATEGORY>Primary Cost Category</CATEGORY>
                                <COSTCENTREALLOCATIONS.LIST>
                                    <NAME>OTON</NAME>
                                    <AMOUNT>002234.0000</AMOUNT>
                                </COSTCENTREALLOCATIONS.LIST>
                            </CATEGORYALLOCATIONS.LIST>
                        </ALLLEDGERENTRIES.LIST>
                        <ALLLEDGERENTRIES.LIST>
                            <LEDGERNAME>31101</LEDGERNAME>
                            <ISDEEMEDPOSITIVE>No</ISDEEMEDPOSITIVE>
                            <AMOUNT>019930.0000</AMOUNT>
                            <CATEGORYALLOCATIONS.LIST>
                                <CATEGORY>Primary Cost Category</CATEGORY>
                                <COSTCENTREALLOCATIONS.LIST>
                                    <NAME>OTON</NAME>
                                    <AMOUNT>019930.0000</AMOUNT>
                                </COSTCENTREALLOCATIONS.LIST>
                            </CATEGORYALLOCATIONS.LIST>
                        </ALLLEDGERENTRIES.LIST>
                        <ALLLEDGERENTRIES.LIST>
                            <LEDGERNAME>31201</LEDGERNAME>
                            <ISDEEMEDPOSITIVE>No</ISDEEMEDPOSITIVE>
                            <AMOUNT>011835.0000</AMOUNT>
                            <CATEGORYALLOCATIONS.LIST>
                                <CATEGORY>Primary Cost Category</CATEGORY>
                                <COSTCENTREALLOCATIONS.LIST>
                                    <NAME>OTON</NAME>
                                    <AMOUNT>011835.0000</AMOUNT>
                                </COSTCENTREALLOCATIONS.LIST>
                            </CATEGORYALLOCATIONS.LIST>
                        </ALLLEDGERENTRIES.LIST>
                    </VOUCHER>
                </TALLYMESSAGE>
                <TALLYMESSAGE xmlns:UDF="TallyUDF">
                    <VOUCHER VCHTYPE="Payment" ACTION="Create">
                        <DATE>20100204</DATE>
                        <VOUCHERTYPENAME>Payment</VOUCHERTYPENAME>
                        <NARRATION>Mifos - GL Interface 2010-10-02 to 2010-10-05.xml</NARRATION>
                        <ALLLEDGERENTRIES.LIST>
                            <LEDGERNAME>12101</LEDGERNAME>
                            <ISDEEMEDPOSITIVE>Yes</ISDEEMEDPOSITIVE>
                            <AMOUNT>-181500.0000</AMOUNT>
                            <CATEGORYALLOCATIONS.LIST>
                                <CATEGORY>Primary Cost Category</CATEGORY>
                                <COSTCENTREALLOCATIONS.LIST>
                                    <NAME>OTON</NAME>
                                    <AMOUNT>-181500.0000</AMOUNT>
                                </COSTCENTREALLOCATIONS.LIST>
                            </CATEGORYALLOCATIONS.LIST>
                        </ALLLEDGERENTRIES.LIST>
                        <ALLLEDGERENTRIES.LIST>
                            <LEDGERNAME>21101</LEDGERNAME>
                            <ISDEEMEDPOSITIVE>Yes</ISDEEMEDPOSITIVE>
                            <AMOUNT>-002685.0000</AMOUNT>
                            <CATEGORYALLOCATIONS.LIST>
                                <CATEGORY>Primary Cost Category</CATEGORY>
                                <COSTCENTREALLOCATIONS.LIST>
                                    <NAME>OTON</NAME>
                                    <AMOUNT>-002685.0000</AMOUNT>
                                </COSTCENTREALLOCATIONS.LIST>
                            </CATEGORYALLOCATIONS.LIST>
                        </ALLLEDGERENTRIES.LIST>
                        <ALLLEDGERENTRIES.LIST>
                            <LEDGERNAME>21102</LEDGERNAME>
                            <ISDEEMEDPOSITIVE>Yes</ISDEEMEDPOSITIVE>
                            <AMOUNT>-008173.0000</AMOUNT>
                            <CATEGORYALLOCATIONS.LIST>
                                <CATEGORY>Primary Cost Category</CATEGORY>
                                <COSTCENTREALLOCATIONS.LIST>
                                    <NAME>OTON</NAME>
                                    <AMOUNT>-008173.0000</AMOUNT>
                                </COSTCENTREALLOCATIONS.LIST>
                            </CATEGORYALLOCATIONS.LIST>
                        </ALLLEDGERENTRIES.LIST>
                        <ALLLEDGERENTRIES.LIST>
                            <LEDGERNAME>11201</LEDGERNAME>
                            <ISDEEMEDPOSITIVE>No</ISDEEMEDPOSITIVE>
                            <AMOUNT>192358.0000</AMOUNT>
                            <CATEGORYALLOCATIONS.LIST>
                                <CATEGORY>Primary Cost Category</CATEGORY>
                                <COSTCENTREALLOCATIONS.LIST>
                                    <NAME>OTON</NAME>
                                    <AMOUNT>192358.0000</AMOUNT>
                                </COSTCENTREALLOCATIONS.LIST>
                            </CATEGORYALLOCATIONS.LIST>
                        </ALLLEDGERENTRIES.LIST>
                    </VOUCHER>
                </TALLYMESSAGE>
                <TALLYMESSAGE xmlns:UDF="TallyUDF">
                    <VOUCHER VCHTYPE="Receipt" ACTION="Create">
                        <DATE>20100204</DATE>
                        <VOUCHERTYPENAME>Receipt</VOUCHERTYPENAME>
                        <NARRATION>Mifos - GL Interface 2010-10-02 to 2010-10-05.xml</NARRATION>
                        <ALLLEDGERENTRIES.LIST>
                            <LEDGERNAME>11201</LEDGERNAME>
                            <ISDEEMEDPOSITIVE>Yes</ISDEEMEDPOSITIVE>
                            <AMOUNT>-158280.0000</AMOUNT>
                            <CATEGORYALLOCATIONS.LIST>
                                <CATEGORY>Primary Cost Category</CATEGORY>
                                <COSTCENTREALLOCATIONS.LIST>
                                    <NAME>OTON</NAME>
                                    <AMOUNT>-158280.0000</AMOUNT>
                                </COSTCENTREALLOCATIONS.LIST>
                            </CATEGORYALLOCATIONS.LIST>
                        </ALLLEDGERENTRIES.LIST>
                        <ALLLEDGERENTRIES.LIST>
                            <LEDGERNAME>12101</LEDGERNAME>
                            <ISDEEMEDPOSITIVE>No</ISDEEMEDPOSITIVE>
                            <AMOUNT>107140.0000</AMOUNT>
                            <CATEGORYALLOCATIONS.LIST>
                                <CATEGORY>Primary Cost Category</CATEGORY>
                                <COSTCENTREALLOCATIONS.LIST>
                                    <NAME>OTON</NAME>
                                    <AMOUNT>107140.0000</AMOUNT>
                                </COSTCENTREALLOCATIONS.LIST>
                            </CATEGORYALLOCATIONS.LIST>
                        </ALLLEDGERENTRIES.LIST>
                        <ALLLEDGERENTRIES.LIST>
                            <LEDGERNAME>21101</LEDGERNAME>
                            <ISDEEMEDPOSITIVE>No</ISDEEMEDPOSITIVE>
                            <AMOUNT>013455.0000</AMOUNT>
                            <CATEGORYALLOCATIONS.LIST>
                                <CATEGORY>Primary Cost Category</CATEGORY>
                                <COSTCENTREALLOCATIONS.LIST>
                                    <NAME>OTON</NAME>
                                    <AMOUNT>013455.0000</AMOUNT>
                                </COSTCENTREALLOCATIONS.LIST>
                            </CATEGORYALLOCATIONS.LIST>
                        </ALLLEDGERENTRIES.LIST>
                        <ALLLEDGERENTRIES.LIST>
                            <LEDGERNAME>21102</LEDGERNAME>
                            <ISDEEMEDPOSITIVE>No</ISDEEMEDPOSITIVE>
                            <AMOUNT>003354.0000</AMOUNT>
                            <CATEGORYALLOCATIONS.LIST>
                                <CATEGORY>Primary Cost Category</CATEGORY>
                                <COSTCENTREALLOCATIONS.LIST>
                                    <NAME>OTON</NAME>
                                    <AMOUNT>003354.0000</AMOUNT>
                                </COSTCENTREALLOCATIONS.LIST>
                            </CATEGORYALLOCATIONS.LIST>
                        </ALLLEDGERENTRIES.LIST>
                        <ALLLEDGERENTRIES.LIST>
                            <LEDGERNAME>31101</LEDGERNAME>
                            <ISDEEMEDPOSITIVE>No</ISDEEMEDPOSITIVE>
                            <AMOUNT>021528.0000</AMOUNT>
                            <CATEGORYALLOCATIONS.LIST>
                                <CATEGORY>Primary Cost Category</CATEGORY>
                                <COSTCENTREALLOCATIONS.LIST>
                                    <NAME>OTON</NAME>
                                    <AMOUNT>021528.0000</AMOUNT>
                                </COSTCENTREALLOCATIONS.LIST>
                            </CATEGORYALLOCATIONS.LIST>
                        </ALLLEDGERENTRIES.LIST>
                        <ALLLEDGERENTRIES.LIST>
                            <LEDGERNAME>31201</LEDGERNAME>
                            <ISDEEMEDPOSITIVE>No</ISDEEMEDPOSITIVE>
                            <AMOUNT>012803.0000</AMOUNT>
                            <CATEGORYALLOCATIONS.LIST>
                                <CATEGORY>Primary Cost Category</CATEGORY>
                                <COSTCENTREALLOCATIONS.LIST>
                                    <NAME>OTON</NAME>
                                    <AMOUNT>012803.0000</AMOUNT>
                                </COSTCENTREALLOCATIONS.LIST>
                            </CATEGORYALLOCATIONS.LIST>
                        </ALLLEDGERENTRIES.LIST>
                    </VOUCHER>
                </TALLYMESSAGE>
                <TALLYMESSAGE xmlns:UDF="TallyUDF">
                    <VOUCHER VCHTYPE="Journal" ACTION="Create">
                        <DATE>20100205</DATE>
                        <VOUCHERTYPENAME>Journal</VOUCHERTYPENAME>
                        <NARRATION>Mifos - GL Interface 2010-10-02 to 2010-10-05.xml</NARRATION>
                        <ALLLEDGERENTRIES.LIST>
                            <LEDGERNAME>21101</LEDGERNAME>
                            <ISDEEMEDPOSITIVE>No</ISDEEMEDPOSITIVE>
                            <AMOUNT>000016.0000</AMOUNT>
                            <CATEGORYALLOCATIONS.LIST>
                                <CATEGORY>Primary Cost Category</CATEGORY>
                                <COSTCENTREALLOCATIONS.LIST>
                                    <NAME>OTON</NAME>
                                    <AMOUNT>000016.0000</AMOUNT>
                                </COSTCENTREALLOCATIONS.LIST>
                            </CATEGORYALLOCATIONS.LIST>
                        </ALLLEDGERENTRIES.LIST>
                        <ALLLEDGERENTRIES.LIST>
                            <LEDGERNAME>41101</LEDGERNAME>
                            <ISDEEMEDPOSITIVE>Yes</ISDEEMEDPOSITIVE>
                            <AMOUNT>-000016.0000</AMOUNT>
                            <CATEGORYALLOCATIONS.LIST>
                                <CATEGORY>Primary Cost Category</CATEGORY>
                                <COSTCENTREALLOCATIONS.LIST>
                                    <NAME>OTON</NAME>
                                    <AMOUNT>-000016.0000</AMOUNT>
                                </COSTCENTREALLOCATIONS.LIST>
                            </CATEGORYALLOCATIONS.LIST>
                        </ALLLEDGERENTRIES.LIST>
                    </VOUCHER>
                </TALLYMESSAGE>
                <TALLYMESSAGE xmlns:UDF="TallyUDF">
                    <VOUCHER VCHTYPE="Payment" ACTION="Create">
                        <DATE>20100205</DATE>
                        <VOUCHERTYPENAME>Payment</VOUCHERTYPENAME>
                        <NARRATION>Mifos - GL Interface 2010-10-02 to 2010-10-05.xml</NARRATION>
                        <ALLLEDGERENTRIES.LIST>
                            <LEDGERNAME>11201</LEDGERNAME>
                            <ISDEEMEDPOSITIVE>Yes</ISDEEMEDPOSITIVE>
                            <AMOUNT>-010000.0000</AMOUNT>
                            <CATEGORYALLOCATIONS.LIST>
                                <CATEGORY>Primary Cost Category</CATEGORY>
                                <COSTCENTREALLOCATIONS.LIST>
                                    <NAME>OTON</NAME>
                                    <AMOUNT>-010000.0000</AMOUNT>
                                </COSTCENTREALLOCATIONS.LIST>
                            </CATEGORYALLOCATIONS.LIST>
                        </ALLLEDGERENTRIES.LIST>
                        <ALLLEDGERENTRIES.LIST>
                            <LEDGERNAME>12101</LEDGERNAME>
                            <ISDEEMEDPOSITIVE>Yes</ISDEEMEDPOSITIVE>
                            <AMOUNT>-010000.0000</AMOUNT>
                            <CATEGORYALLOCATIONS.LIST>
                                <CATEGORY>Primary Cost Category</CATEGORY>
                                <COSTCENTREALLOCATIONS.LIST>
                                    <NAME>OTON</NAME>
                                    <AMOUNT>-010000.0000</AMOUNT>
                                </COSTCENTREALLOCATIONS.LIST>
                            </CATEGORYALLOCATIONS.LIST>
                        </ALLLEDGERENTRIES.LIST>
                        <ALLLEDGERENTRIES.LIST>
                            <LEDGERNAME>21101</LEDGERNAME>
                            <ISDEEMEDPOSITIVE>Yes</ISDEEMEDPOSITIVE>
                            <AMOUNT>-003444.0000</AMOUNT>
                            <CATEGORYALLOCATIONS.LIST>
                                <CATEGORY>Primary Cost Category</CATEGORY>
                                <COSTCENTREALLOCATIONS.LIST>
                                    <NAME>OTON</NAME>
                                    <AMOUNT>-003444.0000</AMOUNT>
                                </COSTCENTREALLOCATIONS.LIST>
                            </CATEGORYALLOCATIONS.LIST>
                        </ALLLEDGERENTRIES.LIST>
                        <ALLLEDGERENTRIES.LIST>
                            <LEDGERNAME>11201</LEDGERNAME>
                            <ISDEEMEDPOSITIVE>No</ISDEEMEDPOSITIVE>
                            <AMOUNT>013444.0000</AMOUNT>
                            <CATEGORYALLOCATIONS.LIST>
                                <CATEGORY>Primary Cost Category</CATEGORY>
                                <COSTCENTREALLOCATIONS.LIST>
                                    <NAME>OTON</NAME>
                                    <AMOUNT>013444.0000</AMOUNT>
                                </COSTCENTREALLOCATIONS.LIST>
                            </CATEGORYALLOCATIONS.LIST>
                        </ALLLEDGERENTRIES.LIST>
                        <ALLLEDGERENTRIES.LIST>
                            <LEDGERNAME>12101</LEDGERNAME>
                            <ISDEEMEDPOSITIVE>No</ISDEEMEDPOSITIVE>
                            <AMOUNT>010000.0000</AMOUNT>
                            <CATEGORYALLOCATIONS.LIST>
                                <CATEGORY>Primary Cost Category</CATEGORY>
                                <COSTCENTREALLOCATIONS.LIST>
                                    <NAME>OTON</NAME>
                                    <AMOUNT>010000.0000</AMOUNT>
                                </COSTCENTREALLOCATIONS.LIST>
                            </CATEGORYALLOCATIONS.LIST>
                        </ALLLEDGERENTRIES.LIST>
                    </VOUCHER>
                </TALLYMESSAGE>
                <TALLYMESSAGE xmlns:UDF="TallyUDF">
                    <VOUCHER VCHTYPE="Receipt" ACTION="Create">
                        <DATE>20100205</DATE>
                        <VOUCHERTYPENAME>Receipt</VOUCHERTYPENAME>
                        <NARRATION>Mifos - GL Interface 2010-10-02 to 2010-10-05.xml</NARRATION>
                        <ALLLEDGERENTRIES.LIST>
                            <LEDGERNAME>11201</LEDGERNAME>
                            <ISDEEMEDPOSITIVE>No</ISDEEMEDPOSITIVE>
                            <AMOUNT>000300.0000</AMOUNT>
                            <CATEGORYALLOCATIONS.LIST>
                                <CATEGORY>Primary Cost Category</CATEGORY>
                                <COSTCENTREALLOCATIONS.LIST>
                                    <NAME>OTON</NAME>
                                    <AMOUNT>000300.0000</AMOUNT>
                                </COSTCENTREALLOCATIONS.LIST>
                            </CATEGORYALLOCATIONS.LIST>
                        </ALLLEDGERENTRIES.LIST>
                        <ALLLEDGERENTRIES.LIST>
                            <LEDGERNAME>11201</LEDGERNAME>
                            <ISDEEMEDPOSITIVE>Yes</ISDEEMEDPOSITIVE>
                            <AMOUNT>-000300.0000</AMOUNT>
                            <CATEGORYALLOCATIONS.LIST>
                                <CATEGORY>Primary Cost Category</CATEGORY>
                                <COSTCENTREALLOCATIONS.LIST>
                                    <NAME>OTON</NAME>
                                    <AMOUNT>-000300.0000</AMOUNT>
                                </COSTCENTREALLOCATIONS.LIST>
                            </CATEGORYALLOCATIONS.LIST>
                        </ALLLEDGERENTRIES.LIST>
                        <ALLLEDGERENTRIES.LIST>
                            <LEDGERNAME>31201</LEDGERNAME>
                            <ISDEEMEDPOSITIVE>No</ISDEEMEDPOSITIVE>
                            <AMOUNT>000300.0000</AMOUNT>
                            <CATEGORYALLOCATIONS.LIST>
                                <CATEGORY>Primary Cost Category</CATEGORY>
                                <COSTCENTREALLOCATIONS.LIST>
                                    <NAME>OTON</NAME>
                                    <AMOUNT>000300.0000</AMOUNT>
                                </COSTCENTREALLOCATIONS.LIST>
                            </CATEGORYALLOCATIONS.LIST>
                        </ALLLEDGERENTRIES.LIST>
                        <ALLLEDGERENTRIES.LIST>
                            <LEDGERNAME>31201</LEDGERNAME>
                            <ISDEEMEDPOSITIVE>Yes</ISDEEMEDPOSITIVE>
                            <AMOUNT>-000300.0000</AMOUNT>
                            <CATEGORYALLOCATIONS.LIST>
                                <CATEGORY>Primary Cost Category</CATEGORY>
                                <COSTCENTREALLOCATIONS.LIST>
                                    <NAME>OTON</NAME>
                                    <AMOUNT>-000300.0000</AMOUNT>
                                </COSTCENTREALLOCATIONS.LIST>
                            </CATEGORYALLOCATIONS.LIST>
                        </ALLLEDGERENTRIES.LIST>
                    </VOUCHER>
                </TALLYMESSAGE>
                <TALLYMESSAGE xmlns:UDF="TallyUDF">
                    <VOUCHER VCHTYPE="Payment" ACTION="Create">
                        <DATE>20100208</DATE>
                        <VOUCHERTYPENAME>Payment</VOUCHERTYPENAME>
                        <NARRATION>Mifos - GL Interface 2010-10-02 to 2010-10-05.xml</NARRATION>
                        <ALLLEDGERENTRIES.LIST>
                            <LEDGERNAME>21101</LEDGERNAME>
                            <ISDEEMEDPOSITIVE>Yes</ISDEEMEDPOSITIVE>
                            <AMOUNT>-008500.0000</AMOUNT>
                            <CATEGORYALLOCATIONS.LIST>
                                <CATEGORY>Primary Cost Category</CATEGORY>
                                <COSTCENTREALLOCATIONS.LIST>
                                    <NAME>OTON</NAME>
                                    <AMOUNT>-008500.0000</AMOUNT>
                                </COSTCENTREALLOCATIONS.LIST>
                            </CATEGORYALLOCATIONS.LIST>
                        </ALLLEDGERENTRIES.LIST>
                        <ALLLEDGERENTRIES.LIST>
                            <LEDGERNAME>21102</LEDGERNAME>
                            <ISDEEMEDPOSITIVE>Yes</ISDEEMEDPOSITIVE>
                            <AMOUNT>-001841.0000</AMOUNT>
                            <CATEGORYALLOCATIONS.LIST>
                                <CATEGORY>Primary Cost Category</CATEGORY>
                                <COSTCENTREALLOCATIONS.LIST>
                                    <NAME>OTON</NAME>
                                    <AMOUNT>-001841.0000</AMOUNT>
                                </COSTCENTREALLOCATIONS.LIST>
                            </CATEGORYALLOCATIONS.LIST>
                        </ALLLEDGERENTRIES.LIST>
                        <ALLLEDGERENTRIES.LIST>
                            <LEDGERNAME>11201</LEDGERNAME>
                            <ISDEEMEDPOSITIVE>No</ISDEEMEDPOSITIVE>
                            <AMOUNT>010341.0000</AMOUNT>
                            <CATEGORYALLOCATIONS.LIST>
                                <CATEGORY>Primary Cost Category</CATEGORY>
                                <COSTCENTREALLOCATIONS.LIST>
                                    <NAME>OTON</NAME>
                                    <AMOUNT>010341.0000</AMOUNT>
                                </COSTCENTREALLOCATIONS.LIST>
                            </CATEGORYALLOCATIONS.LIST>
                        </ALLLEDGERENTRIES.LIST>
                    </VOUCHER>
                </TALLYMESSAGE>
                <TALLYMESSAGE xmlns:UDF="TallyUDF">
                    <VOUCHER VCHTYPE="Receipt" ACTION="Create">
                        <DATE>20100208</DATE>
                        <VOUCHERTYPENAME>Receipt</VOUCHERTYPENAME>
                        <NARRATION>Mifos - GL Interface 2010-10-02 to 2010-10-05.xml</NARRATION>
                        <ALLLEDGERENTRIES.LIST>
                            <LEDGERNAME>11201</LEDGERNAME>
                            <ISDEEMEDPOSITIVE>Yes</ISDEEMEDPOSITIVE>
                            <AMOUNT>-229876.0000</AMOUNT>
                            <CATEGORYALLOCATIONS.LIST>
                                <CATEGORY>Primary Cost Category</CATEGORY>
                                <COSTCENTREALLOCATIONS.LIST>
                                    <NAME>OTON</NAME>
                                    <AMOUNT>-229876.0000</AMOUNT>
                                </COSTCENTREALLOCATIONS.LIST>
                            </CATEGORYALLOCATIONS.LIST>
                        </ALLLEDGERENTRIES.LIST>
                        <ALLLEDGERENTRIES.LIST>
                            <LEDGERNAME>12101</LEDGERNAME>
                            <ISDEEMEDPOSITIVE>No</ISDEEMEDPOSITIVE>
                            <AMOUNT>173764.0000</AMOUNT>
                            <CATEGORYALLOCATIONS.LIST>
                                <CATEGORY>Primary Cost Category</CATEGORY>
                                <COSTCENTREALLOCATIONS.LIST>
                                    <NAME>OTON</NAME>
                                    <AMOUNT>173764.0000</AMOUNT>
                                </COSTCENTREALLOCATIONS.LIST>
                            </CATEGORYALLOCATIONS.LIST>
                        </ALLLEDGERENTRIES.LIST>
                        <ALLLEDGERENTRIES.LIST>
                            <LEDGERNAME>21101</LEDGERNAME>
                            <ISDEEMEDPOSITIVE>No</ISDEEMEDPOSITIVE>
                            <AMOUNT>008580.0000</AMOUNT>
                            <CATEGORYALLOCATIONS.LIST>
                                <CATEGORY>Primary Cost Category</CATEGORY>
                                <COSTCENTREALLOCATIONS.LIST>
                                    <NAME>OTON</NAME>
                                    <AMOUNT>008580.0000</AMOUNT>
                                </COSTCENTREALLOCATIONS.LIST>
                            </CATEGORYALLOCATIONS.LIST>
                        </ALLLEDGERENTRIES.LIST>
                        <ALLLEDGERENTRIES.LIST>
                            <LEDGERNAME>21102</LEDGERNAME>
                            <ISDEEMEDPOSITIVE>No</ISDEEMEDPOSITIVE>
                            <AMOUNT>003859.0000</AMOUNT>
                            <CATEGORYALLOCATIONS.LIST>
                                <CATEGORY>Primary Cost Category</CATEGORY>
                                <COSTCENTREALLOCATIONS.LIST>
                                    <NAME>OTON</NAME>
                                    <AMOUNT>003859.0000</AMOUNT>
                                </COSTCENTREALLOCATIONS.LIST>
                            </CATEGORYALLOCATIONS.LIST>
                        </ALLLEDGERENTRIES.LIST>
                        <ALLLEDGERENTRIES.LIST>
                            <LEDGERNAME>31101</LEDGERNAME>
                            <ISDEEMEDPOSITIVE>No</ISDEEMEDPOSITIVE>
                            <AMOUNT>032877.0000</AMOUNT>
                            <CATEGORYALLOCATIONS.LIST>
                                <CATEGORY>Primary Cost Category</CATEGORY>
                                <COSTCENTREALLOCATIONS.LIST>
                                    <NAME>OTON</NAME>
                                    <AMOUNT>032877.0000</AMOUNT>
                                </COSTCENTREALLOCATIONS.LIST>
                            </CATEGORYALLOCATIONS.LIST>
                        </ALLLEDGERENTRIES.LIST>
                        <ALLLEDGERENTRIES.LIST>
                            <LEDGERNAME>31201</LEDGERNAME>
                            <ISDEEMEDPOSITIVE>No</ISDEEMEDPOSITIVE>
                            <AMOUNT>010796.0000</AMOUNT>
                            <CATEGORYALLOCATIONS.LIST>
                                <CATEGORY>Primary Cost Category</CATEGORY>
                                <COSTCENTREALLOCATIONS.LIST>
                                    <NAME>OTON</NAME>
                                    <AMOUNT>010796.0000</AMOUNT>
                                </COSTCENTREALLOCATIONS.LIST>
                            </CATEGORYALLOCATIONS.LIST>
                        </ALLLEDGERENTRIES.LIST>
                    </VOUCHER>
                </TALLYMESSAGE>
                <TALLYMESSAGE xmlns:UDF="TallyUDF">
                    <VOUCHER VCHTYPE="Journal" ACTION="Create">
                        <DATE>20100209</DATE>
                        <VOUCHERTYPENAME>Journal</VOUCHERTYPENAME>
                        <NARRATION>Mifos - GL Interface 2010-10-02 to 2010-10-05.xml</NARRATION>
                        <ALLLEDGERENTRIES.LIST>
                            <LEDGERNAME>11201</LEDGERNAME>
                            <ISDEEMEDPOSITIVE>Yes</ISDEEMEDPOSITIVE>
                            <AMOUNT>-013213.0000</AMOUNT>
                            <CATEGORYALLOCATIONS.LIST>
                                <CATEGORY>Primary Cost Category</CATEGORY>
                                <COSTCENTREALLOCATIONS.LIST>
                                    <NAME>OTON</NAME>
                                    <AMOUNT>-013213.0000</AMOUNT>
                                </COSTCENTREALLOCATIONS.LIST>
                            </CATEGORYALLOCATIONS.LIST>
                        </ALLLEDGERENTRIES.LIST>
                        <ALLLEDGERENTRIES.LIST>
                            <LEDGERNAME>12101</LEDGERNAME>
                            <ISDEEMEDPOSITIVE>No</ISDEEMEDPOSITIVE>
                            <AMOUNT>013213.0000</AMOUNT>
                            <CATEGORYALLOCATIONS.LIST>
                                <CATEGORY>Primary Cost Category</CATEGORY>
                                <COSTCENTREALLOCATIONS.LIST>
                                    <NAME>OTON</NAME>
                                    <AMOUNT>013213.0000</AMOUNT>
                                </COSTCENTREALLOCATIONS.LIST>
                            </CATEGORYALLOCATIONS.LIST>
                        </ALLLEDGERENTRIES.LIST>
                    </VOUCHER>
                </TALLYMESSAGE>
                <TALLYMESSAGE xmlns:UDF="TallyUDF">
                    <VOUCHER VCHTYPE="Payment" ACTION="Create">
                        <DATE>20100209</DATE>
                        <VOUCHERTYPENAME>Payment</VOUCHERTYPENAME>
                        <NARRATION>Mifos - GL Interface 2010-10-02 to 2010-10-05.xml</NARRATION>
                        <ALLLEDGERENTRIES.LIST>
                            <LEDGERNAME>12101</LEDGERNAME>
                            <ISDEEMEDPOSITIVE>Yes</ISDEEMEDPOSITIVE>
                            <AMOUNT>-013213.0000</AMOUNT>
                            <CATEGORYALLOCATIONS.LIST>
                                <CATEGORY>Primary Cost Category</CATEGORY>
                                <COSTCENTREALLOCATIONS.LIST>
                                    <NAME>OTON</NAME>
                                    <AMOUNT>-013213.0000</AMOUNT>
                                </COSTCENTREALLOCATIONS.LIST>
                            </CATEGORYALLOCATIONS.LIST>
                        </ALLLEDGERENTRIES.LIST>
                        <ALLLEDGERENTRIES.LIST>
                            <LEDGERNAME>21101</LEDGERNAME>
                            <ISDEEMEDPOSITIVE>Yes</ISDEEMEDPOSITIVE>
                            <AMOUNT>-000995.0000</AMOUNT>
                            <CATEGORYALLOCATIONS.LIST>
                                <CATEGORY>Primary Cost Category</CATEGORY>
                                <COSTCENTREALLOCATIONS.LIST>
                                    <NAME>OTON</NAME>
                                    <AMOUNT>-000995.0000</AMOUNT>
                                </COSTCENTREALLOCATIONS.LIST>
                            </CATEGORYALLOCATIONS.LIST>
                        </ALLLEDGERENTRIES.LIST>
                        <ALLLEDGERENTRIES.LIST>
                            <LEDGERNAME>11201</LEDGERNAME>
                            <ISDEEMEDPOSITIVE>No</ISDEEMEDPOSITIVE>
                            <AMOUNT>014208.0000</AMOUNT>
                            <CATEGORYALLOCATIONS.LIST>
                                <CATEGORY>Primary Cost Category</CATEGORY>
                                <COSTCENTREALLOCATIONS.LIST>
                                    <NAME>OTON</NAME>
                                    <AMOUNT>014208.0000</AMOUNT>
                                </COSTCENTREALLOCATIONS.LIST>
                            </CATEGORYALLOCATIONS.LIST>
                        </ALLLEDGERENTRIES.LIST>
                    </VOUCHER>
                </TALLYMESSAGE>
                <TALLYMESSAGE xmlns:UDF="TallyUDF">
                    <VOUCHER VCHTYPE="Journal" ACTION="Create">
                        <DATE>20100210</DATE>
                        <VOUCHERTYPENAME>Journal</VOUCHERTYPENAME>
                        <NARRATION>Mifos - GL Interface 2010-10-02 to 2010-10-05.xml</NARRATION>
                        <ALLLEDGERENTRIES.LIST>
                            <LEDGERNAME>21101</LEDGERNAME>
                            <ISDEEMEDPOSITIVE>No</ISDEEMEDPOSITIVE>
                            <AMOUNT>000011.0000</AMOUNT>
                            <CATEGORYALLOCATIONS.LIST>
                                <CATEGORY>Primary Cost Category</CATEGORY>
                                <COSTCENTREALLOCATIONS.LIST>
                                    <NAME>OTON</NAME>
                                    <AMOUNT>000011.0000</AMOUNT>
                                </COSTCENTREALLOCATIONS.LIST>
                            </CATEGORYALLOCATIONS.LIST>
                        </ALLLEDGERENTRIES.LIST>
                        <ALLLEDGERENTRIES.LIST>
                            <LEDGERNAME>41101</LEDGERNAME>
                            <ISDEEMEDPOSITIVE>Yes</ISDEEMEDPOSITIVE>
                            <AMOUNT>-000011.0000</AMOUNT>
                            <CATEGORYALLOCATIONS.LIST>
                                <CATEGORY>Primary Cost Category</CATEGORY>
                                <COSTCENTREALLOCATIONS.LIST>
                                    <NAME>OTON</NAME>
                                    <AMOUNT>-000011.0000</AMOUNT>
                                </COSTCENTREALLOCATIONS.LIST>
                            </CATEGORYALLOCATIONS.LIST>
                        </ALLLEDGERENTRIES.LIST>
                    </VOUCHER>
                </TALLYMESSAGE>
                <TALLYMESSAGE xmlns:UDF="TallyUDF">
                    <VOUCHER VCHTYPE="Payment" ACTION="Create">
                        <DATE>20100210</DATE>
                        <VOUCHERTYPENAME>Payment</VOUCHERTYPENAME>
                        <NARRATION>Mifos - GL Interface 2010-10-02 to 2010-10-05.xml</NARRATION>
                        <ALLLEDGERENTRIES.LIST>
                            <LEDGERNAME>21101</LEDGERNAME>
                            <ISDEEMEDPOSITIVE>Yes</ISDEEMEDPOSITIVE>
                            <AMOUNT>-001859.0000</AMOUNT>
                            <CATEGORYALLOCATIONS.LIST>
                                <CATEGORY>Primary Cost Category</CATEGORY>
                                <COSTCENTREALLOCATIONS.LIST>
                                    <NAME>OTON</NAME>
                                    <AMOUNT>-001859.0000</AMOUNT>
                                </COSTCENTREALLOCATIONS.LIST>
                            </CATEGORYALLOCATIONS.LIST>
                        </ALLLEDGERENTRIES.LIST>
                        <ALLLEDGERENTRIES.LIST>
                            <LEDGERNAME>11201</LEDGERNAME>
                            <ISDEEMEDPOSITIVE>No</ISDEEMEDPOSITIVE>
                            <AMOUNT>001859.0000</AMOUNT>
                            <CATEGORYALLOCATIONS.LIST>
                                <CATEGORY>Primary Cost Category</CATEGORY>
                                <COSTCENTREALLOCATIONS.LIST>
                                    <NAME>OTON</NAME>
                                    <AMOUNT>001859.0000</AMOUNT>
                                </COSTCENTREALLOCATIONS.LIST>
                            </CATEGORYALLOCATIONS.LIST>
                        </ALLLEDGERENTRIES.LIST>
                    </VOUCHER>
                </TALLYMESSAGE>
                <TALLYMESSAGE xmlns:UDF="TallyUDF">
                    <VOUCHER VCHTYPE="Payment" ACTION="Create">
                        <DATE>20100201</DATE>
                        <VOUCHERTYPENAME>Payment</VOUCHERTYPENAME>
                        <NARRATION>Mifos - GL Interface 2010-10-02 to 2010-10-05.xml</NARRATION>
                        <ALLLEDGERENTRIES.LIST>
                            <LEDGERNAME>12101</LEDGERNAME>
                            <ISDEEMEDPOSITIVE>Yes</ISDEEMEDPOSITIVE>
                            <AMOUNT>-062000.0000</AMOUNT>
                            <CATEGORYALLOCATIONS.LIST>
                                <CATEGORY>Primary Cost Category</CATEGORY>
                                <COSTCENTREALLOCATIONS.LIST>
                                    <NAME>PASSI</NAME>
                                    <AMOUNT>-062000.0000</AMOUNT>
                                </COSTCENTREALLOCATIONS.LIST>
                            </CATEGORYALLOCATIONS.LIST>
                        </ALLLEDGERENTRIES.LIST>
                        <ALLLEDGERENTRIES.LIST>
                            <LEDGERNAME>21101</LEDGERNAME>
                            <ISDEEMEDPOSITIVE>Yes</ISDEEMEDPOSITIVE>
                            <AMOUNT>-000660.0000</AMOUNT>
                            <CATEGORYALLOCATIONS.LIST>
                                <CATEGORY>Primary Cost Category</CATEGORY>
                                <COSTCENTREALLOCATIONS.LIST>
                                    <NAME>PASSI</NAME>
                                    <AMOUNT>-000660.0000</AMOUNT>
                                </COSTCENTREALLOCATIONS.LIST>
                            </CATEGORYALLOCATIONS.LIST>
                        </ALLLEDGERENTRIES.LIST>
                        <ALLLEDGERENTRIES.LIST>
                            <LEDGERNAME>21102</LEDGERNAME>
                            <ISDEEMEDPOSITIVE>Yes</ISDEEMEDPOSITIVE>
                            <AMOUNT>-000947.0000</AMOUNT>
                            <CATEGORYALLOCATIONS.LIST>
                                <CATEGORY>Primary Cost Category</CATEGORY>
                                <COSTCENTREALLOCATIONS.LIST>
                                    <NAME>PASSI</NAME>
                                    <AMOUNT>-000947.0000</AMOUNT>
                                </COSTCENTREALLOCATIONS.LIST>
                            </CATEGORYALLOCATIONS.LIST>
                        </ALLLEDGERENTRIES.LIST>
                        <ALLLEDGERENTRIES.LIST>
                            <LEDGERNAME>11201</LEDGERNAME>
                            <ISDEEMEDPOSITIVE>No</ISDEEMEDPOSITIVE>
                            <AMOUNT>063607.0000</AMOUNT>
                            <CATEGORYALLOCATIONS.LIST>
                                <CATEGORY>Primary Cost Category</CATEGORY>
                                <COSTCENTREALLOCATIONS.LIST>
                                    <NAME>PASSI</NAME>
                                    <AMOUNT>063607.0000</AMOUNT>
                                </COSTCENTREALLOCATIONS.LIST>
                            </CATEGORYALLOCATIONS.LIST>
                        </ALLLEDGERENTRIES.LIST>
                    </VOUCHER>
                </TALLYMESSAGE>
                <TALLYMESSAGE xmlns:UDF="TallyUDF">
                    <VOUCHER VCHTYPE="Receipt" ACTION="Create">
                        <DATE>20100201</DATE>
                        <VOUCHERTYPENAME>Receipt</VOUCHERTYPENAME>
                        <NARRATION>Mifos - GL Interface 2010-10-02 to 2010-10-05.xml</NARRATION>
                        <ALLLEDGERENTRIES.LIST>
                            <LEDGERNAME>11201</LEDGERNAME>
                            <ISDEEMEDPOSITIVE>Yes</ISDEEMEDPOSITIVE>
                            <AMOUNT>-073257.0000</AMOUNT>
                            <CATEGORYALLOCATIONS.LIST>
                                <CATEGORY>Primary Cost Category</CATEGORY>
                                <COSTCENTREALLOCATIONS.LIST>
                                    <NAME>PASSI</NAME>
                                    <AMOUNT>-073257.0000</AMOUNT>
                                </COSTCENTREALLOCATIONS.LIST>
                            </CATEGORYALLOCATIONS.LIST>
                        </ALLLEDGERENTRIES.LIST>
                        <ALLLEDGERENTRIES.LIST>
                            <LEDGERNAME>12101</LEDGERNAME>
                            <ISDEEMEDPOSITIVE>No</ISDEEMEDPOSITIVE>
                            <AMOUNT>048871.0000</AMOUNT>
                            <CATEGORYALLOCATIONS.LIST>
                                <CATEGORY>Primary Cost Category</CATEGORY>
                                <COSTCENTREALLOCATIONS.LIST>
                                    <NAME>PASSI</NAME>
                                    <AMOUNT>048871.0000</AMOUNT>
                                </COSTCENTREALLOCATIONS.LIST>
                            </CATEGORYALLOCATIONS.LIST>
                        </ALLLEDGERENTRIES.LIST>
                        <ALLLEDGERENTRIES.LIST>
                            <LEDGERNAME>21101</LEDGERNAME>
                            <ISDEEMEDPOSITIVE>No</ISDEEMEDPOSITIVE>
                            <AMOUNT>007920.0000</AMOUNT>
                            <CATEGORYALLOCATIONS.LIST>
                                <CATEGORY>Primary Cost Category</CATEGORY>
                                <COSTCENTREALLOCATIONS.LIST>
                                    <NAME>PASSI</NAME>
                                    <AMOUNT>007920.0000</AMOUNT>
                                </COSTCENTREALLOCATIONS.LIST>
                            </CATEGORYALLOCATIONS.LIST>
                        </ALLLEDGERENTRIES.LIST>
                        <ALLLEDGERENTRIES.LIST>
                            <LEDGERNAME>21102</LEDGERNAME>
                            <ISDEEMEDPOSITIVE>No</ISDEEMEDPOSITIVE>
                            <AMOUNT>001933.0000</AMOUNT>
                            <CATEGORYALLOCATIONS.LIST>
                                <CATEGORY>Primary Cost Category</CATEGORY>
                                <COSTCENTREALLOCATIONS.LIST>
                                    <NAME>PASSI</NAME>
                                    <AMOUNT>001933.0000</AMOUNT>
                                </COSTCENTREALLOCATIONS.LIST>
                            </CATEGORYALLOCATIONS.LIST>
                        </ALLLEDGERENTRIES.LIST>
                        <ALLLEDGERENTRIES.LIST>
                            <LEDGERNAME>31101</LEDGERNAME>
                            <ISDEEMEDPOSITIVE>No</ISDEEMEDPOSITIVE>
                            <AMOUNT>008281.0000</AMOUNT>
                            <CATEGORYALLOCATIONS.LIST>
                                <CATEGORY>Primary Cost Category</CATEGORY>
                                <COSTCENTREALLOCATIONS.LIST>
                                    <NAME>PASSI</NAME>
                                    <AMOUNT>008281.0000</AMOUNT>
                                </COSTCENTREALLOCATIONS.LIST>
                            </CATEGORYALLOCATIONS.LIST>
                        </ALLLEDGERENTRIES.LIST>
                        <ALLLEDGERENTRIES.LIST>
                            <LEDGERNAME>31201</LEDGERNAME>
                            <ISDEEMEDPOSITIVE>No</ISDEEMEDPOSITIVE>
                            <AMOUNT>006252.0000</AMOUNT>
                            <CATEGORYALLOCATIONS.LIST>
                                <CATEGORY>Primary Cost Category</CATEGORY>
                                <COSTCENTREALLOCATIONS.LIST>
                                    <NAME>PASSI</NAME>
                                    <AMOUNT>006252.0000</AMOUNT>
                                </COSTCENTREALLOCATIONS.LIST>
                            </CATEGORYALLOCATIONS.LIST>
                        </ALLLEDGERENTRIES.LIST>
                    </VOUCHER>
                </TALLYMESSAGE>
                <TALLYMESSAGE xmlns:UDF="TallyUDF">
                    <VOUCHER VCHTYPE="Payment" ACTION="Create">
                        <DATE>20100202</DATE>
                        <VOUCHERTYPENAME>Payment</VOUCHERTYPENAME>
                        <NARRATION>Mifos - GL Interface 2010-10-02 to 2010-10-05.xml</NARRATION>
                        <ALLLEDGERENTRIES.LIST>
                            <LEDGERNAME>12101</LEDGERNAME>
                            <ISDEEMEDPOSITIVE>Yes</ISDEEMEDPOSITIVE>
                            <AMOUNT>-052500.0000</AMOUNT>
                            <CATEGORYALLOCATIONS.LIST>
                                <CATEGORY>Primary Cost Category</CATEGORY>
                                <COSTCENTREALLOCATIONS.LIST>
                                    <NAME>PASSI</NAME>
                                    <AMOUNT>-052500.0000</AMOUNT>
                                </COSTCENTREALLOCATIONS.LIST>
                            </CATEGORYALLOCATIONS.LIST>
                        </ALLLEDGERENTRIES.LIST>
                        <ALLLEDGERENTRIES.LIST>
                            <LEDGERNAME>21101</LEDGERNAME>
                            <ISDEEMEDPOSITIVE>Yes</ISDEEMEDPOSITIVE>
                            <AMOUNT>-001075.0000</AMOUNT>
                            <CATEGORYALLOCATIONS.LIST>
                                <CATEGORY>Primary Cost Category</CATEGORY>
                                <COSTCENTREALLOCATIONS.LIST>
                                    <NAME>PASSI</NAME>
                                    <AMOUNT>-001075.0000</AMOUNT>
                                </COSTCENTREALLOCATIONS.LIST>
                            </CATEGORYALLOCATIONS.LIST>
                        </ALLLEDGERENTRIES.LIST>
                        <ALLLEDGERENTRIES.LIST>
                            <LEDGERNAME>21102</LEDGERNAME>
                            <ISDEEMEDPOSITIVE>Yes</ISDEEMEDPOSITIVE>
                            <AMOUNT>-000544.0000</AMOUNT>
                            <CATEGORYALLOCATIONS.LIST>
                                <CATEGORY>Primary Cost Category</CATEGORY>
                                <COSTCENTREALLOCATIONS.LIST>
                                    <NAME>PASSI</NAME>
                                    <AMOUNT>-000544.0000</AMOUNT>
                                </COSTCENTREALLOCATIONS.LIST>
                            </CATEGORYALLOCATIONS.LIST>
                        </ALLLEDGERENTRIES.LIST>
                        <ALLLEDGERENTRIES.LIST>
                            <LEDGERNAME>11201</LEDGERNAME>
                            <ISDEEMEDPOSITIVE>No</ISDEEMEDPOSITIVE>
                            <AMOUNT>054119.0000</AMOUNT>
                            <CATEGORYALLOCATIONS.LIST>
                                <CATEGORY>Primary Cost Category</CATEGORY>
                                <COSTCENTREALLOCATIONS.LIST>
                                    <NAME>PASSI</NAME>
                                    <AMOUNT>054119.0000</AMOUNT>
                                </COSTCENTREALLOCATIONS.LIST>
                            </CATEGORYALLOCATIONS.LIST>
                        </ALLLEDGERENTRIES.LIST>
                    </VOUCHER>
                </TALLYMESSAGE>
                <TALLYMESSAGE xmlns:UDF="TallyUDF">
                    <VOUCHER VCHTYPE="Receipt" ACTION="Create">
                        <DATE>20100202</DATE>
                        <VOUCHERTYPENAME>Receipt</VOUCHERTYPENAME>
                        <NARRATION>Mifos - GL Interface 2010-10-02 to 2010-10-05.xml</NARRATION>
                        <ALLLEDGERENTRIES.LIST>
                            <LEDGERNAME>11201</LEDGERNAME>
                            <ISDEEMEDPOSITIVE>Yes</ISDEEMEDPOSITIVE>
                            <AMOUNT>-059649.0000</AMOUNT>
                            <CATEGORYALLOCATIONS.LIST>
                                <CATEGORY>Primary Cost Category</CATEGORY>
                                <COSTCENTREALLOCATIONS.LIST>
                                    <NAME>PASSI</NAME>
                                    <AMOUNT>-059649.0000</AMOUNT>
                                </COSTCENTREALLOCATIONS.LIST>
                            </CATEGORYALLOCATIONS.LIST>
                        </ALLLEDGERENTRIES.LIST>
                        <ALLLEDGERENTRIES.LIST>
                            <LEDGERNAME>12101</LEDGERNAME>
                            <ISDEEMEDPOSITIVE>No</ISDEEMEDPOSITIVE>
                            <AMOUNT>040636.0000</AMOUNT>
                            <CATEGORYALLOCATIONS.LIST>
                                <CATEGORY>Primary Cost Category</CATEGORY>
                                <COSTCENTREALLOCATIONS.LIST>
                                    <NAME>PASSI</NAME>
                                    <AMOUNT>040636.0000</AMOUNT>
                                </COSTCENTREALLOCATIONS.LIST>
                            </CATEGORYALLOCATIONS.LIST>
                        </ALLLEDGERENTRIES.LIST>
                        <ALLLEDGERENTRIES.LIST>
                            <LEDGERNAME>21101</LEDGERNAME>
                            <ISDEEMEDPOSITIVE>No</ISDEEMEDPOSITIVE>
                            <AMOUNT>005350.0000</AMOUNT>
                            <CATEGORYALLOCATIONS.LIST>
                                <CATEGORY>Primary Cost Category</CATEGORY>
                                <COSTCENTREALLOCATIONS.LIST>
                                    <NAME>PASSI</NAME>
                                    <AMOUNT>005350.0000</AMOUNT>
                                </COSTCENTREALLOCATIONS.LIST>
                            </CATEGORYALLOCATIONS.LIST>
                        </ALLLEDGERENTRIES.LIST>
                        <ALLLEDGERENTRIES.LIST>
                            <LEDGERNAME>21102</LEDGERNAME>
                            <ISDEEMEDPOSITIVE>No</ISDEEMEDPOSITIVE>
                            <AMOUNT>001683.0000</AMOUNT>
                            <CATEGORYALLOCATIONS.LIST>
                                <CATEGORY>Primary Cost Category</CATEGORY>
                                <COSTCENTREALLOCATIONS.LIST>
                                    <NAME>PASSI</NAME>
                                    <AMOUNT>001683.0000</AMOUNT>
                                </COSTCENTREALLOCATIONS.LIST>
                            </CATEGORYALLOCATIONS.LIST>
                        </ALLLEDGERENTRIES.LIST>
                        <ALLLEDGERENTRIES.LIST>
                            <LEDGERNAME>31101</LEDGERNAME>
                            <ISDEEMEDPOSITIVE>No</ISDEEMEDPOSITIVE>
                            <AMOUNT>006937.0000</AMOUNT>
                            <CATEGORYALLOCATIONS.LIST>
                                <CATEGORY>Primary Cost Category</CATEGORY>
                                <COSTCENTREALLOCATIONS.LIST>
                                    <NAME>PASSI</NAME>
                                    <AMOUNT>006937.0000</AMOUNT>
                                </COSTCENTREALLOCATIONS.LIST>
                            </CATEGORYALLOCATIONS.LIST>
                        </ALLLEDGERENTRIES.LIST>
                        <ALLLEDGERENTRIES.LIST>
                            <LEDGERNAME>31201</LEDGERNAME>
                            <ISDEEMEDPOSITIVE>No</ISDEEMEDPOSITIVE>
                            <AMOUNT>005043.0000</AMOUNT>
                            <CATEGORYALLOCATIONS.LIST>
                                <CATEGORY>Primary Cost Category</CATEGORY>
                                <COSTCENTREALLOCATIONS.LIST>
                                    <NAME>PASSI</NAME>
                                    <AMOUNT>005043.0000</AMOUNT>
                                </COSTCENTREALLOCATIONS.LIST>
                            </CATEGORYALLOCATIONS.LIST>
                        </ALLLEDGERENTRIES.LIST>
                    </VOUCHER>
                </TALLYMESSAGE>
                <TALLYMESSAGE xmlns:UDF="TallyUDF">
                    <VOUCHER VCHTYPE="Payment" ACTION="Create">
                        <DATE>20100203</DATE>
                        <VOUCHERTYPENAME>Payment</VOUCHERTYPENAME>
                        <NARRATION>Mifos - GL Interface 2010-10-02 to 2010-10-05.xml</NARRATION>
                        <ALLLEDGERENTRIES.LIST>
                            <LEDGERNAME>12101</LEDGERNAME>
                            <ISDEEMEDPOSITIVE>Yes</ISDEEMEDPOSITIVE>
                            <AMOUNT>-071000.0000</AMOUNT>
                            <CATEGORYALLOCATIONS.LIST>
                                <CATEGORY>Primary Cost Category</CATEGORY>
                                <COSTCENTREALLOCATIONS.LIST>
                                    <NAME>PASSI</NAME>
                                    <AMOUNT>-071000.0000</AMOUNT>
                                </COSTCENTREALLOCATIONS.LIST>
                            </CATEGORYALLOCATIONS.LIST>
                        </ALLLEDGERENTRIES.LIST>
                        <ALLLEDGERENTRIES.LIST>
                            <LEDGERNAME>21102</LEDGERNAME>
                            <ISDEEMEDPOSITIVE>Yes</ISDEEMEDPOSITIVE>
                            <AMOUNT>-000678.0000</AMOUNT>
                            <CATEGORYALLOCATIONS.LIST>
                                <CATEGORY>Primary Cost Category</CATEGORY>
                                <COSTCENTREALLOCATIONS.LIST>
                                    <NAME>PASSI</NAME>
                                    <AMOUNT>-000678.0000</AMOUNT>
                                </COSTCENTREALLOCATIONS.LIST>
                            </CATEGORYALLOCATIONS.LIST>
                        </ALLLEDGERENTRIES.LIST>
                        <ALLLEDGERENTRIES.LIST>
                            <LEDGERNAME>11201</LEDGERNAME>
                            <ISDEEMEDPOSITIVE>No</ISDEEMEDPOSITIVE>
                            <AMOUNT>071678.0000</AMOUNT>
                            <CATEGORYALLOCATIONS.LIST>
                                <CATEGORY>Primary Cost Category</CATEGORY>
                                <COSTCENTREALLOCATIONS.LIST>
                                    <NAME>PASSI</NAME>
                                    <AMOUNT>071678.0000</AMOUNT>
                                </COSTCENTREALLOCATIONS.LIST>
                            </CATEGORYALLOCATIONS.LIST>
                        </ALLLEDGERENTRIES.LIST>
                    </VOUCHER>
                </TALLYMESSAGE>
                <TALLYMESSAGE xmlns:UDF="TallyUDF">
                    <VOUCHER VCHTYPE="Receipt" ACTION="Create">
                        <DATE>20100203</DATE>
                        <VOUCHERTYPENAME>Receipt</VOUCHERTYPENAME>
                        <NARRATION>Mifos - GL Interface 2010-10-02 to 2010-10-05.xml</NARRATION>
                        <ALLLEDGERENTRIES.LIST>
                            <LEDGERNAME>11201</LEDGERNAME>
                            <ISDEEMEDPOSITIVE>Yes</ISDEEMEDPOSITIVE>
                            <AMOUNT>-087566.0000</AMOUNT>
                            <CATEGORYALLOCATIONS.LIST>
                                <CATEGORY>Primary Cost Category</CATEGORY>
                                <COSTCENTREALLOCATIONS.LIST>
                                    <NAME>PASSI</NAME>
                                    <AMOUNT>-087566.0000</AMOUNT>
                                </COSTCENTREALLOCATIONS.LIST>
                            </CATEGORYALLOCATIONS.LIST>
                        </ALLLEDGERENTRIES.LIST>
                        <ALLLEDGERENTRIES.LIST>
                            <LEDGERNAME>12101</LEDGERNAME>
                            <ISDEEMEDPOSITIVE>No</ISDEEMEDPOSITIVE>
                            <AMOUNT>062014.0000</AMOUNT>
                            <CATEGORYALLOCATIONS.LIST>
                                <CATEGORY>Primary Cost Category</CATEGORY>
                                <COSTCENTREALLOCATIONS.LIST>
                                    <NAME>PASSI</NAME>
                                    <AMOUNT>062014.0000</AMOUNT>
                                </COSTCENTREALLOCATIONS.LIST>
                            </CATEGORYALLOCATIONS.LIST>
                        </ALLLEDGERENTRIES.LIST>
                        <ALLLEDGERENTRIES.LIST>
                            <LEDGERNAME>21101</LEDGERNAME>
                            <ISDEEMEDPOSITIVE>No</ISDEEMEDPOSITIVE>
                            <AMOUNT>006320.0000</AMOUNT>
                            <CATEGORYALLOCATIONS.LIST>
                                <CATEGORY>Primary Cost Category</CATEGORY>
                                <COSTCENTREALLOCATIONS.LIST>
                                    <NAME>PASSI</NAME>
                                    <AMOUNT>006320.0000</AMOUNT>
                                </COSTCENTREALLOCATIONS.LIST>
                            </CATEGORYALLOCATIONS.LIST>
                        </ALLLEDGERENTRIES.LIST>
                        <ALLLEDGERENTRIES.LIST>
                            <LEDGERNAME>21102</LEDGERNAME>
                            <ISDEEMEDPOSITIVE>No</ISDEEMEDPOSITIVE>
                            <AMOUNT>001880.0000</AMOUNT>
                            <CATEGORYALLOCATIONS.LIST>
                                <CATEGORY>Primary Cost Category</CATEGORY>
                                <COSTCENTREALLOCATIONS.LIST>
                                    <NAME>PASSI</NAME>
                                    <AMOUNT>001880.0000</AMOUNT>
                                </COSTCENTREALLOCATIONS.LIST>
                            </CATEGORYALLOCATIONS.LIST>
                        </ALLLEDGERENTRIES.LIST>
                        <ALLLEDGERENTRIES.LIST>
                            <LEDGERNAME>31101</LEDGERNAME>
                            <ISDEEMEDPOSITIVE>No</ISDEEMEDPOSITIVE>
                            <AMOUNT>010236.0000</AMOUNT>
                            <CATEGORYALLOCATIONS.LIST>
                                <CATEGORY>Primary Cost Category</CATEGORY>
                                <COSTCENTREALLOCATIONS.LIST>
                                    <NAME>PASSI</NAME>
                                    <AMOUNT>010236.0000</AMOUNT>
                                </COSTCENTREALLOCATIONS.LIST>
                            </CATEGORYALLOCATIONS.LIST>
                        </ALLLEDGERENTRIES.LIST>
                        <ALLLEDGERENTRIES.LIST>
                            <LEDGERNAME>31201</LEDGERNAME>
                            <ISDEEMEDPOSITIVE>No</ISDEEMEDPOSITIVE>
                            <AMOUNT>007116.0000</AMOUNT>
                            <CATEGORYALLOCATIONS.LIST>
                                <CATEGORY>Primary Cost Category</CATEGORY>
                                <COSTCENTREALLOCATIONS.LIST>
                                    <NAME>PASSI</NAME>
                                    <AMOUNT>007116.0000</AMOUNT>
                                </COSTCENTREALLOCATIONS.LIST>
                            </CATEGORYALLOCATIONS.LIST>
                        </ALLLEDGERENTRIES.LIST>
                    </VOUCHER>
                </TALLYMESSAGE>
                <TALLYMESSAGE xmlns:UDF="TallyUDF">
                    <VOUCHER VCHTYPE="Journal" ACTION="Create">
                        <DATE>20100204</DATE>
                        <VOUCHERTYPENAME>Journal</VOUCHERTYPENAME>
                        <NARRATION>Mifos - GL Interface 2010-10-02 to 2010-10-05.xml</NARRATION>
                        <ALLLEDGERENTRIES.LIST>
                            <LEDGERNAME>21101</LEDGERNAME>
                            <ISDEEMEDPOSITIVE>No</ISDEEMEDPOSITIVE>
                            <AMOUNT>000010.0000</AMOUNT>
                            <CATEGORYALLOCATIONS.LIST>
                                <CATEGORY>Primary Cost Category</CATEGORY>
                                <COSTCENTREALLOCATIONS.LIST>
                                    <NAME>PASSI</NAME>
                                    <AMOUNT>000010.0000</AMOUNT>
                                </COSTCENTREALLOCATIONS.LIST>
                            </CATEGORYALLOCATIONS.LIST>
                        </ALLLEDGERENTRIES.LIST>
                        <ALLLEDGERENTRIES.LIST>
                            <LEDGERNAME>41101</LEDGERNAME>
                            <ISDEEMEDPOSITIVE>Yes</ISDEEMEDPOSITIVE>
                            <AMOUNT>-000010.0000</AMOUNT>
                            <CATEGORYALLOCATIONS.LIST>
                                <CATEGORY>Primary Cost Category</CATEGORY>
                                <COSTCENTREALLOCATIONS.LIST>
                                    <NAME>PASSI</NAME>
                                    <AMOUNT>-000010.0000</AMOUNT>
                                </COSTCENTREALLOCATIONS.LIST>
                            </CATEGORYALLOCATIONS.LIST>
                        </ALLLEDGERENTRIES.LIST>
                    </VOUCHER>
                </TALLYMESSAGE>
                <TALLYMESSAGE xmlns:UDF="TallyUDF">
                    <VOUCHER VCHTYPE="Payment" ACTION="Create">
                        <DATE>20100204</DATE>
                        <VOUCHERTYPENAME>Payment</VOUCHERTYPENAME>
                        <NARRATION>Mifos - GL Interface 2010-10-02 to 2010-10-05.xml</NARRATION>
                        <ALLLEDGERENTRIES.LIST>
                            <LEDGERNAME>12101</LEDGERNAME>
                            <ISDEEMEDPOSITIVE>Yes</ISDEEMEDPOSITIVE>
                            <AMOUNT>-045000.0000</AMOUNT>
                            <CATEGORYALLOCATIONS.LIST>
                                <CATEGORY>Primary Cost Category</CATEGORY>
                                <COSTCENTREALLOCATIONS.LIST>
                                    <NAME>PASSI</NAME>
                                    <AMOUNT>-045000.0000</AMOUNT>
                                </COSTCENTREALLOCATIONS.LIST>
                            </CATEGORYALLOCATIONS.LIST>
                        </ALLLEDGERENTRIES.LIST>
                        <ALLLEDGERENTRIES.LIST>
                            <LEDGERNAME>21101</LEDGERNAME>
                            <ISDEEMEDPOSITIVE>Yes</ISDEEMEDPOSITIVE>
                            <AMOUNT>-001995.0000</AMOUNT>
                            <CATEGORYALLOCATIONS.LIST>
                                <CATEGORY>Primary Cost Category</CATEGORY>
                                <COSTCENTREALLOCATIONS.LIST>
                                    <NAME>PASSI</NAME>
                                    <AMOUNT>-001995.0000</AMOUNT>
                                </COSTCENTREALLOCATIONS.LIST>
                            </CATEGORYALLOCATIONS.LIST>
                        </ALLLEDGERENTRIES.LIST>
                        <ALLLEDGERENTRIES.LIST>
                            <LEDGERNAME>21102</LEDGERNAME>
                            <ISDEEMEDPOSITIVE>Yes</ISDEEMEDPOSITIVE>
                            <AMOUNT>-000341.0000</AMOUNT>
                            <CATEGORYALLOCATIONS.LIST>
                                <CATEGORY>Primary Cost Category</CATEGORY>
                                <COSTCENTREALLOCATIONS.LIST>
                                    <NAME>PASSI</NAME>
                                    <AMOUNT>-000341.0000</AMOUNT>
                                </COSTCENTREALLOCATIONS.LIST>
                            </CATEGORYALLOCATIONS.LIST>
                        </ALLLEDGERENTRIES.LIST>
                        <ALLLEDGERENTRIES.LIST>
                            <LEDGERNAME>11201</LEDGERNAME>
                            <ISDEEMEDPOSITIVE>No</ISDEEMEDPOSITIVE>
                            <AMOUNT>047336.0000</AMOUNT>
                            <CATEGORYALLOCATIONS.LIST>
                                <CATEGORY>Primary Cost Category</CATEGORY>
                                <COSTCENTREALLOCATIONS.LIST>
                                    <NAME>PASSI</NAME>
                                    <AMOUNT>047336.0000</AMOUNT>
                                </COSTCENTREALLOCATIONS.LIST>
                            </CATEGORYALLOCATIONS.LIST>
                        </ALLLEDGERENTRIES.LIST>
                    </VOUCHER>
                </TALLYMESSAGE>
                <TALLYMESSAGE xmlns:UDF="TallyUDF">
                    <VOUCHER VCHTYPE="Receipt" ACTION="Create">
                        <DATE>20100204</DATE>
                        <VOUCHERTYPENAME>Receipt</VOUCHERTYPENAME>
                        <NARRATION>Mifos - GL Interface 2010-10-02 to 2010-10-05.xml</NARRATION>
                        <ALLLEDGERENTRIES.LIST>
                            <LEDGERNAME>11201</LEDGERNAME>
                            <ISDEEMEDPOSITIVE>Yes</ISDEEMEDPOSITIVE>
                            <AMOUNT>-062688.0000</AMOUNT>
                            <CATEGORYALLOCATIONS.LIST>
                                <CATEGORY>Primary Cost Category</CATEGORY>
                                <COSTCENTREALLOCATIONS.LIST>
                                    <NAME>PASSI</NAME>
                                    <AMOUNT>-062688.0000</AMOUNT>
                                </COSTCENTREALLOCATIONS.LIST>
                            </CATEGORYALLOCATIONS.LIST>
                        </ALLLEDGERENTRIES.LIST>
                        <ALLLEDGERENTRIES.LIST>
                            <LEDGERNAME>12101</LEDGERNAME>
                            <ISDEEMEDPOSITIVE>No</ISDEEMEDPOSITIVE>
                            <AMOUNT>043537.0000</AMOUNT>
                            <CATEGORYALLOCATIONS.LIST>
                                <CATEGORY>Primary Cost Category</CATEGORY>
                                <COSTCENTREALLOCATIONS.LIST>
                                    <NAME>PASSI</NAME>
                                    <AMOUNT>043537.0000</AMOUNT>
                                </COSTCENTREALLOCATIONS.LIST>
                            </CATEGORYALLOCATIONS.LIST>
                        </ALLLEDGERENTRIES.LIST>
                        <ALLLEDGERENTRIES.LIST>
                            <LEDGERNAME>21101</LEDGERNAME>
                            <ISDEEMEDPOSITIVE>No</ISDEEMEDPOSITIVE>
                            <AMOUNT>005420.0000</AMOUNT>
                            <CATEGORYALLOCATIONS.LIST>
                                <CATEGORY>Primary Cost Category</CATEGORY>
                                <COSTCENTREALLOCATIONS.LIST>
                                    <NAME>PASSI</NAME>
                                    <AMOUNT>005420.0000</AMOUNT>
                                </COSTCENTREALLOCATIONS.LIST>
                            </CATEGORYALLOCATIONS.LIST>
                        </ALLLEDGERENTRIES.LIST>
                        <ALLLEDGERENTRIES.LIST>
                            <LEDGERNAME>21102</LEDGERNAME>
                            <ISDEEMEDPOSITIVE>No</ISDEEMEDPOSITIVE>
                            <AMOUNT>000972.0000</AMOUNT>
                            <CATEGORYALLOCATIONS.LIST>
                                <CATEGORY>Primary Cost Category</CATEGORY>
                                <COSTCENTREALLOCATIONS.LIST>
                                    <NAME>PASSI</NAME>
                                    <AMOUNT>000972.0000</AMOUNT>
                                </COSTCENTREALLOCATIONS.LIST>
                            </CATEGORYALLOCATIONS.LIST>
                        </ALLLEDGERENTRIES.LIST>
                        <ALLLEDGERENTRIES.LIST>
                            <LEDGERNAME>31101</LEDGERNAME>
                            <ISDEEMEDPOSITIVE>No</ISDEEMEDPOSITIVE>
                            <AMOUNT>007675.0000</AMOUNT>
                            <CATEGORYALLOCATIONS.LIST>
                                <CATEGORY>Primary Cost Category</CATEGORY>
                                <COSTCENTREALLOCATIONS.LIST>
                                    <NAME>PASSI</NAME>
                                    <AMOUNT>007675.0000</AMOUNT>
                                </COSTCENTREALLOCATIONS.LIST>
                            </CATEGORYALLOCATIONS.LIST>
                        </ALLLEDGERENTRIES.LIST>
                        <ALLLEDGERENTRIES.LIST>
                            <LEDGERNAME>31201</LEDGERNAME>
                            <ISDEEMEDPOSITIVE>No</ISDEEMEDPOSITIVE>
                            <AMOUNT>005084.0000</AMOUNT>
                            <CATEGORYALLOCATIONS.LIST>
                                <CATEGORY>Primary Cost Category</CATEGORY>
                                <COSTCENTREALLOCATIONS.LIST>
                                    <NAME>PASSI</NAME>
                                    <AMOUNT>005084.0000</AMOUNT>
                                </COSTCENTREALLOCATIONS.LIST>
                            </CATEGORYALLOCATIONS.LIST>
                        </ALLLEDGERENTRIES.LIST>
                    </VOUCHER>
                </TALLYMESSAGE>
                <TALLYMESSAGE xmlns:UDF="TallyUDF">
                    <VOUCHER VCHTYPE="Journal" ACTION="Create">
                        <DATE>20100205</DATE>
                        <VOUCHERTYPENAME>Journal</VOUCHERTYPENAME>
                        <NARRATION>Mifos - GL Interface 2010-10-02 to 2010-10-05.xml</NARRATION>
                        <ALLLEDGERENTRIES.LIST>
                            <LEDGERNAME>21101</LEDGERNAME>
                            <ISDEEMEDPOSITIVE>No</ISDEEMEDPOSITIVE>
                            <AMOUNT>000065.0000</AMOUNT>
                            <CATEGORYALLOCATIONS.LIST>
                                <CATEGORY>Primary Cost Category</CATEGORY>
                                <COSTCENTREALLOCATIONS.LIST>
                                    <NAME>PASSI</NAME>
                                    <AMOUNT>000065.0000</AMOUNT>
                                </COSTCENTREALLOCATIONS.LIST>
                            </CATEGORYALLOCATIONS.LIST>
                        </ALLLEDGERENTRIES.LIST>
                        <ALLLEDGERENTRIES.LIST>
                            <LEDGERNAME>41101</LEDGERNAME>
                            <ISDEEMEDPOSITIVE>Yes</ISDEEMEDPOSITIVE>
                            <AMOUNT>-000065.0000</AMOUNT>
                            <CATEGORYALLOCATIONS.LIST>
                                <CATEGORY>Primary Cost Category</CATEGORY>
                                <COSTCENTREALLOCATIONS.LIST>
                                    <NAME>PASSI</NAME>
                                    <AMOUNT>-000065.0000</AMOUNT>
                                </COSTCENTREALLOCATIONS.LIST>
                            </CATEGORYALLOCATIONS.LIST>
                        </ALLLEDGERENTRIES.LIST>
                    </VOUCHER>
                </TALLYMESSAGE>
                <TALLYMESSAGE xmlns:UDF="TallyUDF">
                    <VOUCHER VCHTYPE="Payment" ACTION="Create">
                        <DATE>20100205</DATE>
                        <VOUCHERTYPENAME>Payment</VOUCHERTYPENAME>
                        <NARRATION>Mifos - GL Interface 2010-10-02 to 2010-10-05.xml</NARRATION>
                        <ALLLEDGERENTRIES.LIST>
                            <LEDGERNAME>12101</LEDGERNAME>
                            <ISDEEMEDPOSITIVE>Yes</ISDEEMEDPOSITIVE>
                            <AMOUNT>-006500.0000</AMOUNT>
                            <CATEGORYALLOCATIONS.LIST>
                                <CATEGORY>Primary Cost Category</CATEGORY>
                                <COSTCENTREALLOCATIONS.LIST>
                                    <NAME>PASSI</NAME>
                                    <AMOUNT>-006500.0000</AMOUNT>
                                </COSTCENTREALLOCATIONS.LIST>
                            </CATEGORYALLOCATIONS.LIST>
                        </ALLLEDGERENTRIES.LIST>
                        <ALLLEDGERENTRIES.LIST>
                            <LEDGERNAME>21101</LEDGERNAME>
                            <ISDEEMEDPOSITIVE>Yes</ISDEEMEDPOSITIVE>
                            <AMOUNT>-013344.0000</AMOUNT>
                            <CATEGORYALLOCATIONS.LIST>
                                <CATEGORY>Primary Cost Category</CATEGORY>
                                <COSTCENTREALLOCATIONS.LIST>
                                    <NAME>PASSI</NAME>
                                    <AMOUNT>-013344.0000</AMOUNT>
                                </COSTCENTREALLOCATIONS.LIST>
                            </CATEGORYALLOCATIONS.LIST>
                        </ALLLEDGERENTRIES.LIST>
                        <ALLLEDGERENTRIES.LIST>
                            <LEDGERNAME>21102</LEDGERNAME>
                            <ISDEEMEDPOSITIVE>Yes</ISDEEMEDPOSITIVE>
                            <AMOUNT>-000328.0000</AMOUNT>
                            <CATEGORYALLOCATIONS.LIST>
                                <CATEGORY>Primary Cost Category</CATEGORY>
                                <COSTCENTREALLOCATIONS.LIST>
                                    <NAME>PASSI</NAME>
                                    <AMOUNT>-000328.0000</AMOUNT>
                                </COSTCENTREALLOCATIONS.LIST>
                            </CATEGORYALLOCATIONS.LIST>
                        </ALLLEDGERENTRIES.LIST>
                        <ALLLEDGERENTRIES.LIST>
                            <LEDGERNAME>11201</LEDGERNAME>
                            <ISDEEMEDPOSITIVE>No</ISDEEMEDPOSITIVE>
                            <AMOUNT>020172.0000</AMOUNT>
                            <CATEGORYALLOCATIONS.LIST>
                                <CATEGORY>Primary Cost Category</CATEGORY>
                                <COSTCENTREALLOCATIONS.LIST>
                                    <NAME>PASSI</NAME>
                                    <AMOUNT>020172.0000</AMOUNT>
                                </COSTCENTREALLOCATIONS.LIST>
                            </CATEGORYALLOCATIONS.LIST>
                        </ALLLEDGERENTRIES.LIST>
                    </VOUCHER>
                </TALLYMESSAGE>
                <TALLYMESSAGE xmlns:UDF="TallyUDF">
                    <VOUCHER VCHTYPE="Receipt" ACTION="Create">
                        <DATE>20100205</DATE>
                        <VOUCHERTYPENAME>Receipt</VOUCHERTYPENAME>
                        <NARRATION>Mifos - GL Interface 2010-10-02 to 2010-10-05.xml</NARRATION>
                        <ALLLEDGERENTRIES.LIST>
                            <LEDGERNAME>11201</LEDGERNAME>
                            <ISDEEMEDPOSITIVE>Yes</ISDEEMEDPOSITIVE>
                            <AMOUNT>-003870.0000</AMOUNT>
                            <CATEGORYALLOCATIONS.LIST>
                                <CATEGORY>Primary Cost Category</CATEGORY>
                                <COSTCENTREALLOCATIONS.LIST>
                                    <NAME>PASSI</NAME>
                                    <AMOUNT>-003870.0000</AMOUNT>
                                </COSTCENTREALLOCATIONS.LIST>
                            </CATEGORYALLOCATIONS.LIST>
                        </ALLLEDGERENTRIES.LIST>
                        <ALLLEDGERENTRIES.LIST>
                            <LEDGERNAME>21101</LEDGERNAME>
                            <ISDEEMEDPOSITIVE>No</ISDEEMEDPOSITIVE>
                            <AMOUNT>003675.0000</AMOUNT>
                            <CATEGORYALLOCATIONS.LIST>
                                <CATEGORY>Primary Cost Category</CATEGORY>
                                <COSTCENTREALLOCATIONS.LIST>
                                    <NAME>PASSI</NAME>
                                    <AMOUNT>003675.0000</AMOUNT>
                                </COSTCENTREALLOCATIONS.LIST>
                            </CATEGORYALLOCATIONS.LIST>
                        </ALLLEDGERENTRIES.LIST>
                        <ALLLEDGERENTRIES.LIST>
                            <LEDGERNAME>31201</LEDGERNAME>
                            <ISDEEMEDPOSITIVE>No</ISDEEMEDPOSITIVE>
                            <AMOUNT>000195.0000</AMOUNT>
                            <CATEGORYALLOCATIONS.LIST>
                                <CATEGORY>Primary Cost Category</CATEGORY>
                                <COSTCENTREALLOCATIONS.LIST>
                                    <NAME>PASSI</NAME>
                                    <AMOUNT>000195.0000</AMOUNT>
                                </COSTCENTREALLOCATIONS.LIST>
                            </CATEGORYALLOCATIONS.LIST>
                        </ALLLEDGERENTRIES.LIST>
                    </VOUCHER>
                </TALLYMESSAGE>
                <TALLYMESSAGE xmlns:UDF="TallyUDF">
                    <VOUCHER VCHTYPE="Payment" ACTION="Create">
                        <DATE>20100208</DATE>
                        <VOUCHERTYPENAME>Payment</VOUCHERTYPENAME>
                        <NARRATION>Mifos - GL Interface 2010-10-02 to 2010-10-05.xml</NARRATION>
                        <ALLLEDGERENTRIES.LIST>
                            <LEDGERNAME>21102</LEDGERNAME>
                            <ISDEEMEDPOSITIVE>Yes</ISDEEMEDPOSITIVE>
                            <AMOUNT>-000668.0000</AMOUNT>
                            <CATEGORYALLOCATIONS.LIST>
                                <CATEGORY>Primary Cost Category</CATEGORY>
                                <COSTCENTREALLOCATIONS.LIST>
                                    <NAME>PASSI</NAME>
                                    <AMOUNT>-000668.0000</AMOUNT>
                                </COSTCENTREALLOCATIONS.LIST>
                            </CATEGORYALLOCATIONS.LIST>
                        </ALLLEDGERENTRIES.LIST>
                        <ALLLEDGERENTRIES.LIST>
                            <LEDGERNAME>11201</LEDGERNAME>
                            <ISDEEMEDPOSITIVE>No</ISDEEMEDPOSITIVE>
                            <AMOUNT>000668.0000</AMOUNT>
                            <CATEGORYALLOCATIONS.LIST>
                                <CATEGORY>Primary Cost Category</CATEGORY>
                                <COSTCENTREALLOCATIONS.LIST>
                                    <NAME>PASSI</NAME>
                                    <AMOUNT>000668.0000</AMOUNT>
                                </COSTCENTREALLOCATIONS.LIST>
                            </CATEGORYALLOCATIONS.LIST>
                        </ALLLEDGERENTRIES.LIST>
                    </VOUCHER>
                </TALLYMESSAGE>
                <TALLYMESSAGE xmlns:UDF="TallyUDF">
                    <VOUCHER VCHTYPE="Receipt" ACTION="Create">
                        <DATE>20100208</DATE>
                        <VOUCHERTYPENAME>Receipt</VOUCHERTYPENAME>
                        <NARRATION>Mifos - GL Interface 2010-10-02 to 2010-10-05.xml</NARRATION>
                        <ALLLEDGERENTRIES.LIST>
                            <LEDGERNAME>11201</LEDGERNAME>
                            <ISDEEMEDPOSITIVE>Yes</ISDEEMEDPOSITIVE>
                            <AMOUNT>-067736.0000</AMOUNT>
                            <CATEGORYALLOCATIONS.LIST>
                                <CATEGORY>Primary Cost Category</CATEGORY>
                                <COSTCENTREALLOCATIONS.LIST>
                                    <NAME>PASSI</NAME>
                                    <AMOUNT>-067736.0000</AMOUNT>
                                </COSTCENTREALLOCATIONS.LIST>
                            </CATEGORYALLOCATIONS.LIST>
                        </ALLLEDGERENTRIES.LIST>
                        <ALLLEDGERENTRIES.LIST>
                            <LEDGERNAME>12101</LEDGERNAME>
                            <ISDEEMEDPOSITIVE>No</ISDEEMEDPOSITIVE>
                            <AMOUNT>048298.0000</AMOUNT>
                            <CATEGORYALLOCATIONS.LIST>
                                <CATEGORY>Primary Cost Category</CATEGORY>
                                <COSTCENTREALLOCATIONS.LIST>
                                    <NAME>PASSI</NAME>
                                    <AMOUNT>048298.0000</AMOUNT>
                                </COSTCENTREALLOCATIONS.LIST>
                            </CATEGORYALLOCATIONS.LIST>
                        </ALLLEDGERENTRIES.LIST>
                        <ALLLEDGERENTRIES.LIST>
                            <LEDGERNAME>21101</LEDGERNAME>
                            <ISDEEMEDPOSITIVE>No</ISDEEMEDPOSITIVE>
                            <AMOUNT>004960.0000</AMOUNT>
                            <CATEGORYALLOCATIONS.LIST>
                                <CATEGORY>Primary Cost Category</CATEGORY>
                                <COSTCENTREALLOCATIONS.LIST>
                                    <NAME>PASSI</NAME>
                                    <AMOUNT>004960.0000</AMOUNT>
                                </COSTCENTREALLOCATIONS.LIST>
                            </CATEGORYALLOCATIONS.LIST>
                        </ALLLEDGERENTRIES.LIST>
                        <ALLLEDGERENTRIES.LIST>
                            <LEDGERNAME>21102</LEDGERNAME>
                            <ISDEEMEDPOSITIVE>No</ISDEEMEDPOSITIVE>
                            <AMOUNT>001864.0000</AMOUNT>
                            <CATEGORYALLOCATIONS.LIST>
                                <CATEGORY>Primary Cost Category</CATEGORY>
                                <COSTCENTREALLOCATIONS.LIST>
                                    <NAME>PASSI</NAME>
                                    <AMOUNT>001864.0000</AMOUNT>
                                </COSTCENTREALLOCATIONS.LIST>
                            </CATEGORYALLOCATIONS.LIST>
                        </ALLLEDGERENTRIES.LIST>
                        <ALLLEDGERENTRIES.LIST>
                            <LEDGERNAME>31101</LEDGERNAME>
                            <ISDEEMEDPOSITIVE>No</ISDEEMEDPOSITIVE>
                            <AMOUNT>008106.0000</AMOUNT>
                            <CATEGORYALLOCATIONS.LIST>
                                <CATEGORY>Primary Cost Category</CATEGORY>
                                <COSTCENTREALLOCATIONS.LIST>
                                    <NAME>PASSI</NAME>
                                    <AMOUNT>008106.0000</AMOUNT>
                                </COSTCENTREALLOCATIONS.LIST>
                            </CATEGORYALLOCATIONS.LIST>
                        </ALLLEDGERENTRIES.LIST>
                        <ALLLEDGERENTRIES.LIST>
                            <LEDGERNAME>31201</LEDGERNAME>
                            <ISDEEMEDPOSITIVE>No</ISDEEMEDPOSITIVE>
                            <AMOUNT>004508.0000</AMOUNT>
                            <CATEGORYALLOCATIONS.LIST>
                                <CATEGORY>Primary Cost Category</CATEGORY>
                                <COSTCENTREALLOCATIONS.LIST>
                                    <NAME>PASSI</NAME>
                                    <AMOUNT>004508.0000</AMOUNT>
                                </COSTCENTREALLOCATIONS.LIST>
                            </CATEGORYALLOCATIONS.LIST>
                        </ALLLEDGERENTRIES.LIST>
                    </VOUCHER>
                </TALLYMESSAGE>
                <TALLYMESSAGE xmlns:UDF="TallyUDF">
                    <VOUCHER VCHTYPE="Payment" ACTION="Create">
                        <DATE>20100209</DATE>
                        <VOUCHERTYPENAME>Payment</VOUCHERTYPENAME>
                        <NARRATION>Mifos - GL Interface 2010-10-02 to 2010-10-05.xml</NARRATION>
                        <ALLLEDGERENTRIES.LIST>
                            <LEDGERNAME>21102</LEDGERNAME>
                            <ISDEEMEDPOSITIVE>Yes</ISDEEMEDPOSITIVE>
                            <AMOUNT>-000382.0000</AMOUNT>
                            <CATEGORYALLOCATIONS.LIST>
                                <CATEGORY>Primary Cost Category</CATEGORY>
                                <COSTCENTREALLOCATIONS.LIST>
                                    <NAME>PASSI</NAME>
                                    <AMOUNT>-000382.0000</AMOUNT>
                                </COSTCENTREALLOCATIONS.LIST>
                            </CATEGORYALLOCATIONS.LIST>
                        </ALLLEDGERENTRIES.LIST>
                        <ALLLEDGERENTRIES.LIST>
                            <LEDGERNAME>11201</LEDGERNAME>
                            <ISDEEMEDPOSITIVE>No</ISDEEMEDPOSITIVE>
                            <AMOUNT>000382.0000</AMOUNT>
                            <CATEGORYALLOCATIONS.LIST>
                                <CATEGORY>Primary Cost Category</CATEGORY>
                                <COSTCENTREALLOCATIONS.LIST>
                                    <NAME>PASSI</NAME>
                                    <AMOUNT>000382.0000</AMOUNT>
                                </COSTCENTREALLOCATIONS.LIST>
                            </CATEGORYALLOCATIONS.LIST>
                        </ALLLEDGERENTRIES.LIST>
                    </VOUCHER>
                </TALLYMESSAGE>
                <TALLYMESSAGE xmlns:UDF="TallyUDF">
                    <VOUCHER VCHTYPE="Receipt" ACTION="Create">
                        <DATE>20100209</DATE>
                        <VOUCHERTYPENAME>Receipt</VOUCHERTYPENAME>
                        <NARRATION>Mifos - GL Interface 2010-10-02 to 2010-10-05.xml</NARRATION>
                        <ALLLEDGERENTRIES.LIST>
                            <LEDGERNAME>11201</LEDGERNAME>
                            <ISDEEMEDPOSITIVE>Yes</ISDEEMEDPOSITIVE>
                            <AMOUNT>-050002.0000</AMOUNT>
                            <CATEGORYALLOCATIONS.LIST>
                                <CATEGORY>Primary Cost Category</CATEGORY>
                                <COSTCENTREALLOCATIONS.LIST>
                                    <NAME>PASSI</NAME>
                                    <AMOUNT>-050002.0000</AMOUNT>
                                </COSTCENTREALLOCATIONS.LIST>
                            </CATEGORYALLOCATIONS.LIST>
                        </ALLLEDGERENTRIES.LIST>
                        <ALLLEDGERENTRIES.LIST>
                            <LEDGERNAME>12101</LEDGERNAME>
                            <ISDEEMEDPOSITIVE>No</ISDEEMEDPOSITIVE>
                            <AMOUNT>036732.0000</AMOUNT>
                            <CATEGORYALLOCATIONS.LIST>
                                <CATEGORY>Primary Cost Category</CATEGORY>
                                <COSTCENTREALLOCATIONS.LIST>
                                    <NAME>PASSI</NAME>
                                    <AMOUNT>036732.0000</AMOUNT>
                                </COSTCENTREALLOCATIONS.LIST>
                            </CATEGORYALLOCATIONS.LIST>
                        </ALLLEDGERENTRIES.LIST>
                        <ALLLEDGERENTRIES.LIST>
                            <LEDGERNAME>21101</LEDGERNAME>
                            <ISDEEMEDPOSITIVE>No</ISDEEMEDPOSITIVE>
                            <AMOUNT>003140.0000</AMOUNT>
                            <CATEGORYALLOCATIONS.LIST>
                                <CATEGORY>Primary Cost Category</CATEGORY>
                                <COSTCENTREALLOCATIONS.LIST>
                                    <NAME>PASSI</NAME>
                                    <AMOUNT>003140.0000</AMOUNT>
                                </COSTCENTREALLOCATIONS.LIST>
                            </CATEGORYALLOCATIONS.LIST>
                        </ALLLEDGERENTRIES.LIST>
                        <ALLLEDGERENTRIES.LIST>
                            <LEDGERNAME>21102</LEDGERNAME>
                            <ISDEEMEDPOSITIVE>No</ISDEEMEDPOSITIVE>
                            <AMOUNT>000962.0000</AMOUNT>
                            <CATEGORYALLOCATIONS.LIST>
                                <CATEGORY>Primary Cost Category</CATEGORY>
                                <COSTCENTREALLOCATIONS.LIST>
                                    <NAME>PASSI</NAME>
                                    <AMOUNT>000962.0000</AMOUNT>
                                </COSTCENTREALLOCATIONS.LIST>
                            </CATEGORYALLOCATIONS.LIST>
                        </ALLLEDGERENTRIES.LIST>
                        <ALLLEDGERENTRIES.LIST>
                            <LEDGERNAME>31101</LEDGERNAME>
                            <ISDEEMEDPOSITIVE>No</ISDEEMEDPOSITIVE>
                            <AMOUNT>006234.0000</AMOUNT>
                            <CATEGORYALLOCATIONS.LIST>
                                <CATEGORY>Primary Cost Category</CATEGORY>
                                <COSTCENTREALLOCATIONS.LIST>
                                    <NAME>PASSI</NAME>
                                    <AMOUNT>006234.0000</AMOUNT>
                                </COSTCENTREALLOCATIONS.LIST>
                            </CATEGORYALLOCATIONS.LIST>
                        </ALLLEDGERENTRIES.LIST>
                        <ALLLEDGERENTRIES.LIST>
                            <LEDGERNAME>31201</LEDGERNAME>
                            <ISDEEMEDPOSITIVE>No</ISDEEMEDPOSITIVE>
                            <AMOUNT>002934.0000</AMOUNT>
                            <CATEGORYALLOCATIONS.LIST>
                                <CATEGORY>Primary Cost Category</CATEGORY>
                                <COSTCENTREALLOCATIONS.LIST>
                                    <NAME>PASSI</NAME>
                                    <AMOUNT>002934.0000</AMOUNT>
                                </COSTCENTREALLOCATIONS.LIST>
                            </CATEGORYALLOCATIONS.LIST>
                        </ALLLEDGERENTRIES.LIST>
                    </VOUCHER>
                </TALLYMESSAGE>
                <TALLYMESSAGE xmlns:UDF="TallyUDF">
                    <VOUCHER VCHTYPE="Payment" ACTION="Create">
                        <DATE>20100210</DATE>
                        <VOUCHERTYPENAME>Payment</VOUCHERTYPENAME>
                        <NARRATION>Mifos - GL Interface 2010-10-02 to 2010-10-05.xml</NARRATION>
                        <ALLLEDGERENTRIES.LIST>
                            <LEDGERNAME>21101</LEDGERNAME>
                            <ISDEEMEDPOSITIVE>Yes</ISDEEMEDPOSITIVE>
                            <AMOUNT>-002965.0000</AMOUNT>
                            <CATEGORYALLOCATIONS.LIST>
                                <CATEGORY>Primary Cost Category</CATEGORY>
                                <COSTCENTREALLOCATIONS.LIST>
                                    <NAME>PASSI</NAME>
                                    <AMOUNT>-002965.0000</AMOUNT>
                                </COSTCENTREALLOCATIONS.LIST>
                            </CATEGORYALLOCATIONS.LIST>
                        </ALLLEDGERENTRIES.LIST>
                        <ALLLEDGERENTRIES.LIST>
                            <LEDGERNAME>21102</LEDGERNAME>
                            <ISDEEMEDPOSITIVE>Yes</ISDEEMEDPOSITIVE>
                            <AMOUNT>-000102.0000</AMOUNT>
                            <CATEGORYALLOCATIONS.LIST>
                                <CATEGORY>Primary Cost Category</CATEGORY>
                                <COSTCENTREALLOCATIONS.LIST>
                                    <NAME>PASSI</NAME>
                                    <AMOUNT>-000102.0000</AMOUNT>
                                </COSTCENTREALLOCATIONS.LIST>
                            </CATEGORYALLOCATIONS.LIST>
                        </ALLLEDGERENTRIES.LIST>
                        <ALLLEDGERENTRIES.LIST>
                            <LEDGERNAME>11201</LEDGERNAME>
                            <ISDEEMEDPOSITIVE>No</ISDEEMEDPOSITIVE>
                            <AMOUNT>003067.0000</AMOUNT>
                            <CATEGORYALLOCATIONS.LIST>
                                <CATEGORY>Primary Cost Category</CATEGORY>
                                <COSTCENTREALLOCATIONS.LIST>
                                    <NAME>PASSI</NAME>
                                    <AMOUNT>003067.0000</AMOUNT>
                                </COSTCENTREALLOCATIONS.LIST>
                            </CATEGORYALLOCATIONS.LIST>
                        </ALLLEDGERENTRIES.LIST>
                    </VOUCHER>
                </TALLYMESSAGE>
                <TALLYMESSAGE xmlns:UDF="TallyUDF">
                    <VOUCHER VCHTYPE="Receipt" ACTION="Create">
                        <DATE>20100210</DATE>
                        <VOUCHERTYPENAME>Receipt</VOUCHERTYPENAME>
                        <NARRATION>Mifos - GL Interface 2010-10-02 to 2010-10-05.xml</NARRATION>
                        <ALLLEDGERENTRIES.LIST>
                            <LEDGERNAME>11201</LEDGERNAME>
                            <ISDEEMEDPOSITIVE>Yes</ISDEEMEDPOSITIVE>
                            <AMOUNT>-000015.0000</AMOUNT>
                            <CATEGORYALLOCATIONS.LIST>
                                <CATEGORY>Primary Cost Category</CATEGORY>
                                <COSTCENTREALLOCATIONS.LIST>
                                    <NAME>PASSI</NAME>
                                    <AMOUNT>-000015.0000</AMOUNT>
                                </COSTCENTREALLOCATIONS.LIST>
                            </CATEGORYALLOCATIONS.LIST>
                        </ALLLEDGERENTRIES.LIST>
                        <ALLLEDGERENTRIES.LIST>
                            <LEDGERNAME>21102</LEDGERNAME>
                            <ISDEEMEDPOSITIVE>No</ISDEEMEDPOSITIVE>
                            <AMOUNT>000015.0000</AMOUNT>
                            <CATEGORYALLOCATIONS.LIST>
                                <CATEGORY>Primary Cost Category</CATEGORY>
                                <COSTCENTREALLOCATIONS.LIST>
                                    <NAME>PASSI</NAME>
                                    <AMOUNT>000015.0000</AMOUNT>
                                </COSTCENTREALLOCATIONS.LIST>
                            </CATEGORYALLOCATIONS.LIST>
                        </ALLLEDGERENTRIES.LIST>
                    </VOUCHER>
                </TALLYMESSAGE>
                <TALLYMESSAGE xmlns:UDF="TallyUDF">
                    <VOUCHER VCHTYPE="Payment" ACTION="Create">
                        <DATE>20090923</DATE>
                        <VOUCHERTYPENAME>Payment</VOUCHERTYPENAME>
                        <NARRATION>Mifos - GL Interface 2010-10-02 to 2010-10-05.xml</NARRATION>
                        <ALLLEDGERENTRIES.LIST>
                            <LEDGERNAME>11201</LEDGERNAME>
                            <ISDEEMEDPOSITIVE>Yes</ISDEEMEDPOSITIVE>
                            <AMOUNT>-003324.0000</AMOUNT>
                            <CATEGORYALLOCATIONS.LIST>
                                <CATEGORY>Primary Cost Category</CATEGORY>
                                <COSTCENTREALLOCATIONS.LIST>
                                    <NAME>POTOTAN</NAME>
                                    <AMOUNT>-003324.0000</AMOUNT>
                                </COSTCENTREALLOCATIONS.LIST>
                            </CATEGORYALLOCATIONS.LIST>
                        </ALLLEDGERENTRIES.LIST>
                        <ALLLEDGERENTRIES.LIST>
                            <LEDGERNAME>12101</LEDGERNAME>
                            <ISDEEMEDPOSITIVE>Yes</ISDEEMEDPOSITIVE>
                            <AMOUNT>-001988.0000</AMOUNT>
                            <CATEGORYALLOCATIONS.LIST>
                                <CATEGORY>Primary Cost Category</CATEGORY>
                                <COSTCENTREALLOCATIONS.LIST>
                                    <NAME>POTOTAN</NAME>
                                    <AMOUNT>-001988.0000</AMOUNT>
                                </COSTCENTREALLOCATIONS.LIST>
                            </CATEGORYALLOCATIONS.LIST>
                        </ALLLEDGERENTRIES.LIST>
                        <ALLLEDGERENTRIES.LIST>
                            <LEDGERNAME>11201</LEDGERNAME>
                            <ISDEEMEDPOSITIVE>No</ISDEEMEDPOSITIVE>
                            <AMOUNT>001988.0000</AMOUNT>
                            <CATEGORYALLOCATIONS.LIST>
                                <CATEGORY>Primary Cost Category</CATEGORY>
                                <COSTCENTREALLOCATIONS.LIST>
                                    <NAME>POTOTAN</NAME>
                                    <AMOUNT>001988.0000</AMOUNT>
                                </COSTCENTREALLOCATIONS.LIST>
                            </CATEGORYALLOCATIONS.LIST>
                        </ALLLEDGERENTRIES.LIST>
                        <ALLLEDGERENTRIES.LIST>
                            <LEDGERNAME>12101</LEDGERNAME>
                            <ISDEEMEDPOSITIVE>No</ISDEEMEDPOSITIVE>
                            <AMOUNT>003324.0000</AMOUNT>
                            <CATEGORYALLOCATIONS.LIST>
                                <CATEGORY>Primary Cost Category</CATEGORY>
                                <COSTCENTREALLOCATIONS.LIST>
                                    <NAME>POTOTAN</NAME>
                                    <AMOUNT>003324.0000</AMOUNT>
                                </COSTCENTREALLOCATIONS.LIST>
                            </CATEGORYALLOCATIONS.LIST>
                        </ALLLEDGERENTRIES.LIST>
                    </VOUCHER>
                </TALLYMESSAGE>
                <TALLYMESSAGE xmlns:UDF="TallyUDF">
                    <VOUCHER VCHTYPE="Payment" ACTION="Create">
                        <DATE>20100201</DATE>
                        <VOUCHERTYPENAME>Payment</VOUCHERTYPENAME>
                        <NARRATION>Mifos - GL Interface 2010-10-02 to 2010-10-05.xml</NARRATION>
                        <ALLLEDGERENTRIES.LIST>
                            <LEDGERNAME>12101</LEDGERNAME>
                            <ISDEEMEDPOSITIVE>Yes</ISDEEMEDPOSITIVE>
                            <AMOUNT>-056000.0000</AMOUNT>
                            <CATEGORYALLOCATIONS.LIST>
                                <CATEGORY>Primary Cost Category</CATEGORY>
                                <COSTCENTREALLOCATIONS.LIST>
                                    <NAME>POTOTAN</NAME>
                                    <AMOUNT>-056000.0000</AMOUNT>
                                </COSTCENTREALLOCATIONS.LIST>
                            </CATEGORYALLOCATIONS.LIST>
                        </ALLLEDGERENTRIES.LIST>
                        <ALLLEDGERENTRIES.LIST>
                            <LEDGERNAME>21101</LEDGERNAME>
                            <ISDEEMEDPOSITIVE>Yes</ISDEEMEDPOSITIVE>
                            <AMOUNT>-001000.0000</AMOUNT>
                            <CATEGORYALLOCATIONS.LIST>
                                <CATEGORY>Primary Cost Category</CATEGORY>
                                <COSTCENTREALLOCATIONS.LIST>
                                    <NAME>POTOTAN</NAME>
                                    <AMOUNT>-001000.0000</AMOUNT>
                                </COSTCENTREALLOCATIONS.LIST>
                            </CATEGORYALLOCATIONS.LIST>
                        </ALLLEDGERENTRIES.LIST>
                        <ALLLEDGERENTRIES.LIST>
                            <LEDGERNAME>21102</LEDGERNAME>
                            <ISDEEMEDPOSITIVE>Yes</ISDEEMEDPOSITIVE>
                            <AMOUNT>-000701.0000</AMOUNT>
                            <CATEGORYALLOCATIONS.LIST>
                                <CATEGORY>Primary Cost Category</CATEGORY>
                                <COSTCENTREALLOCATIONS.LIST>
                                    <NAME>POTOTAN</NAME>
                                    <AMOUNT>-000701.0000</AMOUNT>
                                </COSTCENTREALLOCATIONS.LIST>
                            </CATEGORYALLOCATIONS.LIST>
                        </ALLLEDGERENTRIES.LIST>
                        <ALLLEDGERENTRIES.LIST>
                            <LEDGERNAME>11201</LEDGERNAME>
                            <ISDEEMEDPOSITIVE>No</ISDEEMEDPOSITIVE>
                            <AMOUNT>057701.0000</AMOUNT>
                            <CATEGORYALLOCATIONS.LIST>
                                <CATEGORY>Primary Cost Category</CATEGORY>
                                <COSTCENTREALLOCATIONS.LIST>
                                    <NAME>POTOTAN</NAME>
                                    <AMOUNT>057701.0000</AMOUNT>
                                </COSTCENTREALLOCATIONS.LIST>
                            </CATEGORYALLOCATIONS.LIST>
                        </ALLLEDGERENTRIES.LIST>
                    </VOUCHER>
                </TALLYMESSAGE>
                <TALLYMESSAGE xmlns:UDF="TallyUDF">
                    <VOUCHER VCHTYPE="Receipt" ACTION="Create">
                        <DATE>20100201</DATE>
                        <VOUCHERTYPENAME>Receipt</VOUCHERTYPENAME>
                        <NARRATION>Mifos - GL Interface 2010-10-02 to 2010-10-05.xml</NARRATION>
                        <ALLLEDGERENTRIES.LIST>
                            <LEDGERNAME>11201</LEDGERNAME>
                            <ISDEEMEDPOSITIVE>Yes</ISDEEMEDPOSITIVE>
                            <AMOUNT>-096185.0000</AMOUNT>
                            <CATEGORYALLOCATIONS.LIST>
                                <CATEGORY>Primary Cost Category</CATEGORY>
                                <COSTCENTREALLOCATIONS.LIST>
                                    <NAME>POTOTAN</NAME>
                                    <AMOUNT>-096185.0000</AMOUNT>
                                </COSTCENTREALLOCATIONS.LIST>
                            </CATEGORYALLOCATIONS.LIST>
                        </ALLLEDGERENTRIES.LIST>
                        <ALLLEDGERENTRIES.LIST>
                            <LEDGERNAME>12101</LEDGERNAME>
                            <ISDEEMEDPOSITIVE>No</ISDEEMEDPOSITIVE>
                            <AMOUNT>070650.0000</AMOUNT>
                            <CATEGORYALLOCATIONS.LIST>
                                <CATEGORY>Primary Cost Category</CATEGORY>
                                <COSTCENTREALLOCATIONS.LIST>
                                    <NAME>POTOTAN</NAME>
                                    <AMOUNT>070650.0000</AMOUNT>
                                </COSTCENTREALLOCATIONS.LIST>
                            </CATEGORYALLOCATIONS.LIST>
                        </ALLLEDGERENTRIES.LIST>
                        <ALLLEDGERENTRIES.LIST>
                            <LEDGERNAME>21101</LEDGERNAME>
                            <ISDEEMEDPOSITIVE>No</ISDEEMEDPOSITIVE>
                            <AMOUNT>006670.0000</AMOUNT>
                            <CATEGORYALLOCATIONS.LIST>
                                <CATEGORY>Primary Cost Category</CATEGORY>
                                <COSTCENTREALLOCATIONS.LIST>
                                    <NAME>POTOTAN</NAME>
                                    <AMOUNT>006670.0000</AMOUNT>
                                </COSTCENTREALLOCATIONS.LIST>
                            </CATEGORYALLOCATIONS.LIST>
                        </ALLLEDGERENTRIES.LIST>
                        <ALLLEDGERENTRIES.LIST>
                            <LEDGERNAME>21102</LEDGERNAME>
                            <ISDEEMEDPOSITIVE>No</ISDEEMEDPOSITIVE>
                            <AMOUNT>000852.0000</AMOUNT>
                            <CATEGORYALLOCATIONS.LIST>
                                <CATEGORY>Primary Cost Category</CATEGORY>
                                <COSTCENTREALLOCATIONS.LIST>
                                    <NAME>POTOTAN</NAME>
                                    <AMOUNT>000852.0000</AMOUNT>
                                </COSTCENTREALLOCATIONS.LIST>
                            </CATEGORYALLOCATIONS.LIST>
                        </ALLLEDGERENTRIES.LIST>
                        <ALLLEDGERENTRIES.LIST>
                            <LEDGERNAME>31101</LEDGERNAME>
                            <ISDEEMEDPOSITIVE>No</ISDEEMEDPOSITIVE>
                            <AMOUNT>012067.0000</AMOUNT>
                            <CATEGORYALLOCATIONS.LIST>
                                <CATEGORY>Primary Cost Category</CATEGORY>
                                <COSTCENTREALLOCATIONS.LIST>
                                    <NAME>POTOTAN</NAME>
                                    <AMOUNT>012067.0000</AMOUNT>
                                </COSTCENTREALLOCATIONS.LIST>
                            </CATEGORYALLOCATIONS.LIST>
                        </ALLLEDGERENTRIES.LIST>
                        <ALLLEDGERENTRIES.LIST>
                            <LEDGERNAME>31201</LEDGERNAME>
                            <ISDEEMEDPOSITIVE>No</ISDEEMEDPOSITIVE>
                            <AMOUNT>005946.0000</AMOUNT>
                            <CATEGORYALLOCATIONS.LIST>
                                <CATEGORY>Primary Cost Category</CATEGORY>
                                <COSTCENTREALLOCATIONS.LIST>
                                    <NAME>POTOTAN</NAME>
                                    <AMOUNT>005946.0000</AMOUNT>
                                </COSTCENTREALLOCATIONS.LIST>
                            </CATEGORYALLOCATIONS.LIST>
                        </ALLLEDGERENTRIES.LIST>
                    </VOUCHER>
                </TALLYMESSAGE>
                <TALLYMESSAGE xmlns:UDF="TallyUDF">
                    <VOUCHER VCHTYPE="Payment" ACTION="Create">
                        <DATE>20100202</DATE>
                        <VOUCHERTYPENAME>Payment</VOUCHERTYPENAME>
                        <NARRATION>Mifos - GL Interface 2010-10-02 to 2010-10-05.xml</NARRATION>
                        <ALLLEDGERENTRIES.LIST>
                            <LEDGERNAME>12101</LEDGERNAME>
                            <ISDEEMEDPOSITIVE>Yes</ISDEEMEDPOSITIVE>
                            <AMOUNT>-121000.0000</AMOUNT>
                            <CATEGORYALLOCATIONS.LIST>
                                <CATEGORY>Primary Cost Category</CATEGORY>
                                <COSTCENTREALLOCATIONS.LIST>
                                    <NAME>POTOTAN</NAME>
                                    <AMOUNT>-121000.0000</AMOUNT>
                                </COSTCENTREALLOCATIONS.LIST>
                            </CATEGORYALLOCATIONS.LIST>
                        </ALLLEDGERENTRIES.LIST>
                        <ALLLEDGERENTRIES.LIST>
                            <LEDGERNAME>21102</LEDGERNAME>
                            <ISDEEMEDPOSITIVE>Yes</ISDEEMEDPOSITIVE>
                            <AMOUNT>-003220.0000</AMOUNT>
                            <CATEGORYALLOCATIONS.LIST>
                                <CATEGORY>Primary Cost Category</CATEGORY>
                                <COSTCENTREALLOCATIONS.LIST>
                                    <NAME>POTOTAN</NAME>
                                    <AMOUNT>-003220.0000</AMOUNT>
                                </COSTCENTREALLOCATIONS.LIST>
                            </CATEGORYALLOCATIONS.LIST>
                        </ALLLEDGERENTRIES.LIST>
                        <ALLLEDGERENTRIES.LIST>
                            <LEDGERNAME>11201</LEDGERNAME>
                            <ISDEEMEDPOSITIVE>No</ISDEEMEDPOSITIVE>
                            <AMOUNT>124220.0000</AMOUNT>
                            <CATEGORYALLOCATIONS.LIST>
                                <CATEGORY>Primary Cost Category</CATEGORY>
                                <COSTCENTREALLOCATIONS.LIST>
                                    <NAME>POTOTAN</NAME>
                                    <AMOUNT>124220.0000</AMOUNT>
                                </COSTCENTREALLOCATIONS.LIST>
                            </CATEGORYALLOCATIONS.LIST>
                        </ALLLEDGERENTRIES.LIST>
                    </VOUCHER>
                </TALLYMESSAGE>
                <TALLYMESSAGE xmlns:UDF="TallyUDF">
                    <VOUCHER VCHTYPE="Receipt" ACTION="Create">
                        <DATE>20100202</DATE>
                        <VOUCHERTYPENAME>Receipt</VOUCHERTYPENAME>
                        <NARRATION>Mifos - GL Interface 2010-10-02 to 2010-10-05.xml</NARRATION>
                        <ALLLEDGERENTRIES.LIST>
                            <LEDGERNAME>11201</LEDGERNAME>
                            <ISDEEMEDPOSITIVE>Yes</ISDEEMEDPOSITIVE>
                            <AMOUNT>-150204.0000</AMOUNT>
                            <CATEGORYALLOCATIONS.LIST>
                                <CATEGORY>Primary Cost Category</CATEGORY>
                                <COSTCENTREALLOCATIONS.LIST>
                                    <NAME>POTOTAN</NAME>
                                    <AMOUNT>-150204.0000</AMOUNT>
                                </COSTCENTREALLOCATIONS.LIST>
                            </CATEGORYALLOCATIONS.LIST>
                        </ALLLEDGERENTRIES.LIST>
                        <ALLLEDGERENTRIES.LIST>
                            <LEDGERNAME>12101</LEDGERNAME>
                            <ISDEEMEDPOSITIVE>No</ISDEEMEDPOSITIVE>
                            <AMOUNT>109726.0000</AMOUNT>
                            <CATEGORYALLOCATIONS.LIST>
                                <CATEGORY>Primary Cost Category</CATEGORY>
                                <COSTCENTREALLOCATIONS.LIST>
                                    <NAME>POTOTAN</NAME>
                                    <AMOUNT>109726.0000</AMOUNT>
                                </COSTCENTREALLOCATIONS.LIST>
                            </CATEGORYALLOCATIONS.LIST>
                        </ALLLEDGERENTRIES.LIST>
                        <ALLLEDGERENTRIES.LIST>
                            <LEDGERNAME>21101</LEDGERNAME>
                            <ISDEEMEDPOSITIVE>No</ISDEEMEDPOSITIVE>
                            <AMOUNT>008110.0000</AMOUNT>
                            <CATEGORYALLOCATIONS.LIST>
                                <CATEGORY>Primary Cost Category</CATEGORY>
                                <COSTCENTREALLOCATIONS.LIST>
                                    <NAME>POTOTAN</NAME>
                                    <AMOUNT>008110.0000</AMOUNT>
                                </COSTCENTREALLOCATIONS.LIST>
                            </CATEGORYALLOCATIONS.LIST>
                        </ALLLEDGERENTRIES.LIST>
                        <ALLLEDGERENTRIES.LIST>
                            <LEDGERNAME>21102</LEDGERNAME>
                            <ISDEEMEDPOSITIVE>No</ISDEEMEDPOSITIVE>
                            <AMOUNT>003521.0000</AMOUNT>
                            <CATEGORYALLOCATIONS.LIST>
                                <CATEGORY>Primary Cost Category</CATEGORY>
                                <COSTCENTREALLOCATIONS.LIST>
                                    <NAME>POTOTAN</NAME>
                                    <AMOUNT>003521.0000</AMOUNT>
                                </COSTCENTREALLOCATIONS.LIST>
                            </CATEGORYALLOCATIONS.LIST>
                        </ALLLEDGERENTRIES.LIST>
                        <ALLLEDGERENTRIES.LIST>
                            <LEDGERNAME>31101</LEDGERNAME>
                            <ISDEEMEDPOSITIVE>No</ISDEEMEDPOSITIVE>
                            <AMOUNT>019877.0000</AMOUNT>
                            <CATEGORYALLOCATIONS.LIST>
                                <CATEGORY>Primary Cost Category</CATEGORY>
                                <COSTCENTREALLOCATIONS.LIST>
                                    <NAME>POTOTAN</NAME>
                                    <AMOUNT>019877.0000</AMOUNT>
                                </COSTCENTREALLOCATIONS.LIST>
                            </CATEGORYALLOCATIONS.LIST>
                        </ALLLEDGERENTRIES.LIST>
                        <ALLLEDGERENTRIES.LIST>
                            <LEDGERNAME>31201</LEDGERNAME>
                            <ISDEEMEDPOSITIVE>No</ISDEEMEDPOSITIVE>
                            <AMOUNT>008970.0000</AMOUNT>
                            <CATEGORYALLOCATIONS.LIST>
                                <CATEGORY>Primary Cost Category</CATEGORY>
                                <COSTCENTREALLOCATIONS.LIST>
                                    <NAME>POTOTAN</NAME>
                                    <AMOUNT>008970.0000</AMOUNT>
                                </COSTCENTREALLOCATIONS.LIST>
                            </CATEGORYALLOCATIONS.LIST>
                        </ALLLEDGERENTRIES.LIST>
                    </VOUCHER>
                </TALLYMESSAGE>
                <TALLYMESSAGE xmlns:UDF="TallyUDF">
                    <VOUCHER VCHTYPE="Payment" ACTION="Create">
                        <DATE>20100203</DATE>
                        <VOUCHERTYPENAME>Payment</VOUCHERTYPENAME>
                        <NARRATION>Mifos - GL Interface 2010-10-02 to 2010-10-05.xml</NARRATION>
                        <ALLLEDGERENTRIES.LIST>
                            <LEDGERNAME>12101</LEDGERNAME>
                            <ISDEEMEDPOSITIVE>Yes</ISDEEMEDPOSITIVE>
                            <AMOUNT>-010000.0000</AMOUNT>
                            <CATEGORYALLOCATIONS.LIST>
                                <CATEGORY>Primary Cost Category</CATEGORY>
                                <COSTCENTREALLOCATIONS.LIST>
                                    <NAME>POTOTAN</NAME>
                                    <AMOUNT>-010000.0000</AMOUNT>
                                </COSTCENTREALLOCATIONS.LIST>
                            </CATEGORYALLOCATIONS.LIST>
                        </ALLLEDGERENTRIES.LIST>
                        <ALLLEDGERENTRIES.LIST>
                            <LEDGERNAME>21101</LEDGERNAME>
                            <ISDEEMEDPOSITIVE>Yes</ISDEEMEDPOSITIVE>
                            <AMOUNT>-000840.0000</AMOUNT>
                            <CATEGORYALLOCATIONS.LIST>
                                <CATEGORY>Primary Cost Category</CATEGORY>
                                <COSTCENTREALLOCATIONS.LIST>
                                    <NAME>POTOTAN</NAME>
                                    <AMOUNT>-000840.0000</AMOUNT>
                                </COSTCENTREALLOCATIONS.LIST>
                            </CATEGORYALLOCATIONS.LIST>
                        </ALLLEDGERENTRIES.LIST>
                        <ALLLEDGERENTRIES.LIST>
                            <LEDGERNAME>21102</LEDGERNAME>
                            <ISDEEMEDPOSITIVE>Yes</ISDEEMEDPOSITIVE>
                            <AMOUNT>-000217.0000</AMOUNT>
                            <CATEGORYALLOCATIONS.LIST>
                                <CATEGORY>Primary Cost Category</CATEGORY>
                                <COSTCENTREALLOCATIONS.LIST>
                                    <NAME>POTOTAN</NAME>
                                    <AMOUNT>-000217.0000</AMOUNT>
                                </COSTCENTREALLOCATIONS.LIST>
                            </CATEGORYALLOCATIONS.LIST>
                        </ALLLEDGERENTRIES.LIST>
                        <ALLLEDGERENTRIES.LIST>
                            <LEDGERNAME>11201</LEDGERNAME>
                            <ISDEEMEDPOSITIVE>No</ISDEEMEDPOSITIVE>
                            <AMOUNT>011057.0000</AMOUNT>
                            <CATEGORYALLOCATIONS.LIST>
                                <CATEGORY>Primary Cost Category</CATEGORY>
                                <COSTCENTREALLOCATIONS.LIST>
                                    <NAME>POTOTAN</NAME>
                                    <AMOUNT>011057.0000</AMOUNT>
                                </COSTCENTREALLOCATIONS.LIST>
                            </CATEGORYALLOCATIONS.LIST>
                        </ALLLEDGERENTRIES.LIST>
                    </VOUCHER>
                </TALLYMESSAGE>
                <TALLYMESSAGE xmlns:UDF="TallyUDF">
                    <VOUCHER VCHTYPE="Receipt" ACTION="Create">
                        <DATE>20100203</DATE>
                        <VOUCHERTYPENAME>Receipt</VOUCHERTYPENAME>
                        <NARRATION>Mifos - GL Interface 2010-10-02 to 2010-10-05.xml</NARRATION>
                        <ALLLEDGERENTRIES.LIST>
                            <LEDGERNAME>11201</LEDGERNAME>
                            <ISDEEMEDPOSITIVE>Yes</ISDEEMEDPOSITIVE>
                            <AMOUNT>-091406.0000</AMOUNT>
                            <CATEGORYALLOCATIONS.LIST>
                                <CATEGORY>Primary Cost Category</CATEGORY>
                                <COSTCENTREALLOCATIONS.LIST>
                                    <NAME>POTOTAN</NAME>
                                    <AMOUNT>-091406.0000</AMOUNT>
                                </COSTCENTREALLOCATIONS.LIST>
                            </CATEGORYALLOCATIONS.LIST>
                        </ALLLEDGERENTRIES.LIST>
                        <ALLLEDGERENTRIES.LIST>
                            <LEDGERNAME>12101</LEDGERNAME>
                            <ISDEEMEDPOSITIVE>No</ISDEEMEDPOSITIVE>
                            <AMOUNT>068960.0000</AMOUNT>
                            <CATEGORYALLOCATIONS.LIST>
                                <CATEGORY>Primary Cost Category</CATEGORY>
                                <COSTCENTREALLOCATIONS.LIST>
                                    <NAME>POTOTAN</NAME>
                                    <AMOUNT>068960.0000</AMOUNT>
                                </COSTCENTREALLOCATIONS.LIST>
                            </CATEGORYALLOCATIONS.LIST>
                        </ALLLEDGERENTRIES.LIST>
                        <ALLLEDGERENTRIES.LIST>
                            <LEDGERNAME>21101</LEDGERNAME>
                            <ISDEEMEDPOSITIVE>No</ISDEEMEDPOSITIVE>
                            <AMOUNT>003840.0000</AMOUNT>
                            <CATEGORYALLOCATIONS.LIST>
                                <CATEGORY>Primary Cost Category</CATEGORY>
                                <COSTCENTREALLOCATIONS.LIST>
                                    <NAME>POTOTAN</NAME>
                                    <AMOUNT>003840.0000</AMOUNT>
                                </COSTCENTREALLOCATIONS.LIST>
                            </CATEGORYALLOCATIONS.LIST>
                        </ALLLEDGERENTRIES.LIST>
                        <ALLLEDGERENTRIES.LIST>
                            <LEDGERNAME>21102</LEDGERNAME>
                            <ISDEEMEDPOSITIVE>No</ISDEEMEDPOSITIVE>
                            <AMOUNT>001636.0000</AMOUNT>
                            <CATEGORYALLOCATIONS.LIST>
                                <CATEGORY>Primary Cost Category</CATEGORY>
                                <COSTCENTREALLOCATIONS.LIST>
                                    <NAME>POTOTAN</NAME>
                                    <AMOUNT>001636.0000</AMOUNT>
                                </COSTCENTREALLOCATIONS.LIST>
                            </CATEGORYALLOCATIONS.LIST>
                        </ALLLEDGERENTRIES.LIST>
                        <ALLLEDGERENTRIES.LIST>
                            <LEDGERNAME>31101</LEDGERNAME>
                            <ISDEEMEDPOSITIVE>No</ISDEEMEDPOSITIVE>
                            <AMOUNT>013504.0000</AMOUNT>
                            <CATEGORYALLOCATIONS.LIST>
                                <CATEGORY>Primary Cost Category</CATEGORY>
                                <COSTCENTREALLOCATIONS.LIST>
                                    <NAME>POTOTAN</NAME>
                                    <AMOUNT>013504.0000</AMOUNT>
                                </COSTCENTREALLOCATIONS.LIST>
                            </CATEGORYALLOCATIONS.LIST>
                        </ALLLEDGERENTRIES.LIST>
                        <ALLLEDGERENTRIES.LIST>
                            <LEDGERNAME>31201</LEDGERNAME>
                            <ISDEEMEDPOSITIVE>No</ISDEEMEDPOSITIVE>
                            <AMOUNT>003466.0000</AMOUNT>
                            <CATEGORYALLOCATIONS.LIST>
                                <CATEGORY>Primary Cost Category</CATEGORY>
                                <COSTCENTREALLOCATIONS.LIST>
                                    <NAME>POTOTAN</NAME>
                                    <AMOUNT>003466.0000</AMOUNT>
                                </COSTCENTREALLOCATIONS.LIST>
                            </CATEGORYALLOCATIONS.LIST>
                        </ALLLEDGERENTRIES.LIST>
                    </VOUCHER>
                </TALLYMESSAGE>
                <TALLYMESSAGE xmlns:UDF="TallyUDF">
                    <VOUCHER VCHTYPE="Journal" ACTION="Create">
                        <DATE>20100204</DATE>
                        <VOUCHERTYPENAME>Journal</VOUCHERTYPENAME>
                        <NARRATION>Mifos - GL Interface 2010-10-02 to 2010-10-05.xml</NARRATION>
                        <ALLLEDGERENTRIES.LIST>
                            <LEDGERNAME>11201</LEDGERNAME>
                            <ISDEEMEDPOSITIVE>Yes</ISDEEMEDPOSITIVE>
                            <AMOUNT>-034469.0000</AMOUNT>
                            <CATEGORYALLOCATIONS.LIST>
                                <CATEGORY>Primary Cost Category</CATEGORY>
                                <COSTCENTREALLOCATIONS.LIST>
                                    <NAME>POTOTAN</NAME>
                                    <AMOUNT>-034469.0000</AMOUNT>
                                </COSTCENTREALLOCATIONS.LIST>
                            </CATEGORYALLOCATIONS.LIST>
                        </ALLLEDGERENTRIES.LIST>
                        <ALLLEDGERENTRIES.LIST>
                            <LEDGERNAME>12101</LEDGERNAME>
                            <ISDEEMEDPOSITIVE>No</ISDEEMEDPOSITIVE>
                            <AMOUNT>034469.0000</AMOUNT>
                            <CATEGORYALLOCATIONS.LIST>
                                <CATEGORY>Primary Cost Category</CATEGORY>
                                <COSTCENTREALLOCATIONS.LIST>
                                    <NAME>POTOTAN</NAME>
                                    <AMOUNT>034469.0000</AMOUNT>
                                </COSTCENTREALLOCATIONS.LIST>
                            </CATEGORYALLOCATIONS.LIST>
                        </ALLLEDGERENTRIES.LIST>
                        <ALLLEDGERENTRIES.LIST>
                            <LEDGERNAME>21101</LEDGERNAME>
                            <ISDEEMEDPOSITIVE>No</ISDEEMEDPOSITIVE>
                            <AMOUNT>000009.0000</AMOUNT>
                            <CATEGORYALLOCATIONS.LIST>
                                <CATEGORY>Primary Cost Category</CATEGORY>
                                <COSTCENTREALLOCATIONS.LIST>
                                    <NAME>POTOTAN</NAME>
                                    <AMOUNT>000009.0000</AMOUNT>
                                </COSTCENTREALLOCATIONS.LIST>
                            </CATEGORYALLOCATIONS.LIST>
                        </ALLLEDGERENTRIES.LIST>
                        <ALLLEDGERENTRIES.LIST>
                            <LEDGERNAME>41101</LEDGERNAME>
                            <ISDEEMEDPOSITIVE>Yes</ISDEEMEDPOSITIVE>
                            <AMOUNT>-000009.0000</AMOUNT>
                            <CATEGORYALLOCATIONS.LIST>
                                <CATEGORY>Primary Cost Category</CATEGORY>
                                <COSTCENTREALLOCATIONS.LIST>
                                    <NAME>POTOTAN</NAME>
                                    <AMOUNT>-000009.0000</AMOUNT>
                                </COSTCENTREALLOCATIONS.LIST>
                            </CATEGORYALLOCATIONS.LIST>
                        </ALLLEDGERENTRIES.LIST>
                    </VOUCHER>
                </TALLYMESSAGE>
                <TALLYMESSAGE xmlns:UDF="TallyUDF">
                    <VOUCHER VCHTYPE="Payment" ACTION="Create">
                        <DATE>20100204</DATE>
                        <VOUCHERTYPENAME>Payment</VOUCHERTYPENAME>
                        <NARRATION>Mifos - GL Interface 2010-10-02 to 2010-10-05.xml</NARRATION>
                        <ALLLEDGERENTRIES.LIST>
                            <LEDGERNAME>12101</LEDGERNAME>
                            <ISDEEMEDPOSITIVE>Yes</ISDEEMEDPOSITIVE>
                            <AMOUNT>-103469.0000</AMOUNT>
                            <CATEGORYALLOCATIONS.LIST>
                                <CATEGORY>Primary Cost Category</CATEGORY>
                                <COSTCENTREALLOCATIONS.LIST>
                                    <NAME>POTOTAN</NAME>
                                    <AMOUNT>-103469.0000</AMOUNT>
                                </COSTCENTREALLOCATIONS.LIST>
                            </CATEGORYALLOCATIONS.LIST>
                        </ALLLEDGERENTRIES.LIST>
                        <ALLLEDGERENTRIES.LIST>
                            <LEDGERNAME>21101</LEDGERNAME>
                            <ISDEEMEDPOSITIVE>Yes</ISDEEMEDPOSITIVE>
                            <AMOUNT>-003315.0000</AMOUNT>
                            <CATEGORYALLOCATIONS.LIST>
                                <CATEGORY>Primary Cost Category</CATEGORY>
                                <COSTCENTREALLOCATIONS.LIST>
                                    <NAME>POTOTAN</NAME>
                                    <AMOUNT>-003315.0000</AMOUNT>
                                </COSTCENTREALLOCATIONS.LIST>
                            </CATEGORYALLOCATIONS.LIST>
                        </ALLLEDGERENTRIES.LIST>
                        <ALLLEDGERENTRIES.LIST>
                            <LEDGERNAME>21102</LEDGERNAME>
                            <ISDEEMEDPOSITIVE>Yes</ISDEEMEDPOSITIVE>
                            <AMOUNT>-001467.0000</AMOUNT>
                            <CATEGORYALLOCATIONS.LIST>
                                <CATEGORY>Primary Cost Category</CATEGORY>
                                <COSTCENTREALLOCATIONS.LIST>
                                    <NAME>POTOTAN</NAME>
                                    <AMOUNT>-001467.0000</AMOUNT>
                                </COSTCENTREALLOCATIONS.LIST>
                            </CATEGORYALLOCATIONS.LIST>
                        </ALLLEDGERENTRIES.LIST>
                        <ALLLEDGERENTRIES.LIST>
                            <LEDGERNAME>11201</LEDGERNAME>
                            <ISDEEMEDPOSITIVE>No</ISDEEMEDPOSITIVE>
                            <AMOUNT>108251.0000</AMOUNT>
                            <CATEGORYALLOCATIONS.LIST>
                                <CATEGORY>Primary Cost Category</CATEGORY>
                                <COSTCENTREALLOCATIONS.LIST>
                                    <NAME>POTOTAN</NAME>
                                    <AMOUNT>108251.0000</AMOUNT>
                                </COSTCENTREALLOCATIONS.LIST>
                            </CATEGORYALLOCATIONS.LIST>
                        </ALLLEDGERENTRIES.LIST>
                    </VOUCHER>
                </TALLYMESSAGE>
                <TALLYMESSAGE xmlns:UDF="TallyUDF">
                    <VOUCHER VCHTYPE="Receipt" ACTION="Create">
                        <DATE>20100204</DATE>
                        <VOUCHERTYPENAME>Receipt</VOUCHERTYPENAME>
                        <NARRATION>Mifos - GL Interface 2010-10-02 to 2010-10-05.xml</NARRATION>
                        <ALLLEDGERENTRIES.LIST>
                            <LEDGERNAME>11201</LEDGERNAME>
                            <ISDEEMEDPOSITIVE>Yes</ISDEEMEDPOSITIVE>
                            <AMOUNT>-101829.0000</AMOUNT>
                            <CATEGORYALLOCATIONS.LIST>
                                <CATEGORY>Primary Cost Category</CATEGORY>
                                <COSTCENTREALLOCATIONS.LIST>
                                    <NAME>POTOTAN</NAME>
                                    <AMOUNT>-101829.0000</AMOUNT>
                                </COSTCENTREALLOCATIONS.LIST>
                            </CATEGORYALLOCATIONS.LIST>
                        </ALLLEDGERENTRIES.LIST>
                        <ALLLEDGERENTRIES.LIST>
                            <LEDGERNAME>12101</LEDGERNAME>
                            <ISDEEMEDPOSITIVE>No</ISDEEMEDPOSITIVE>
                            <AMOUNT>076584.0000</AMOUNT>
                            <CATEGORYALLOCATIONS.LIST>
                                <CATEGORY>Primary Cost Category</CATEGORY>
                                <COSTCENTREALLOCATIONS.LIST>
                                    <NAME>POTOTAN</NAME>
                                    <AMOUNT>076584.0000</AMOUNT>
                                </COSTCENTREALLOCATIONS.LIST>
                            </CATEGORYALLOCATIONS.LIST>
                        </ALLLEDGERENTRIES.LIST>
                        <ALLLEDGERENTRIES.LIST>
                            <LEDGERNAME>21101</LEDGERNAME>
                            <ISDEEMEDPOSITIVE>No</ISDEEMEDPOSITIVE>
                            <AMOUNT>005924.0000</AMOUNT>
                            <CATEGORYALLOCATIONS.LIST>
                                <CATEGORY>Primary Cost Category</CATEGORY>
                                <COSTCENTREALLOCATIONS.LIST>
                                    <NAME>POTOTAN</NAME>
                                    <AMOUNT>005924.0000</AMOUNT>
                                </COSTCENTREALLOCATIONS.LIST>
                            </CATEGORYALLOCATIONS.LIST>
                        </ALLLEDGERENTRIES.LIST>
                        <ALLLEDGERENTRIES.LIST>
                            <LEDGERNAME>21102</LEDGERNAME>
                            <ISDEEMEDPOSITIVE>No</ISDEEMEDPOSITIVE>
                            <AMOUNT>000829.0000</AMOUNT>
                            <CATEGORYALLOCATIONS.LIST>
                                <CATEGORY>Primary Cost Category</CATEGORY>
                                <COSTCENTREALLOCATIONS.LIST>
                                    <NAME>POTOTAN</NAME>
                                    <AMOUNT>000829.0000</AMOUNT>
                                </COSTCENTREALLOCATIONS.LIST>
                            </CATEGORYALLOCATIONS.LIST>
                        </ALLLEDGERENTRIES.LIST>
                        <ALLLEDGERENTRIES.LIST>
                            <LEDGERNAME>31101</LEDGERNAME>
                            <ISDEEMEDPOSITIVE>No</ISDEEMEDPOSITIVE>
                            <AMOUNT>013246.0000</AMOUNT>
                            <CATEGORYALLOCATIONS.LIST>
                                <CATEGORY>Primary Cost Category</CATEGORY>
                                <COSTCENTREALLOCATIONS.LIST>
                                    <NAME>POTOTAN</NAME>
                                    <AMOUNT>013246.0000</AMOUNT>
                                </COSTCENTREALLOCATIONS.LIST>
                            </CATEGORYALLOCATIONS.LIST>
                        </ALLLEDGERENTRIES.LIST>
                        <ALLLEDGERENTRIES.LIST>
                            <LEDGERNAME>31201</LEDGERNAME>
                            <ISDEEMEDPOSITIVE>No</ISDEEMEDPOSITIVE>
                            <AMOUNT>005246.0000</AMOUNT>
                            <CATEGORYALLOCATIONS.LIST>
                                <CATEGORY>Primary Cost Category</CATEGORY>
                                <COSTCENTREALLOCATIONS.LIST>
                                    <NAME>POTOTAN</NAME>
                                    <AMOUNT>005246.0000</AMOUNT>
                                </COSTCENTREALLOCATIONS.LIST>
                            </CATEGORYALLOCATIONS.LIST>
                        </ALLLEDGERENTRIES.LIST>
                    </VOUCHER>
                </TALLYMESSAGE>
                <TALLYMESSAGE xmlns:UDF="TallyUDF">
                    <VOUCHER VCHTYPE="Payment" ACTION="Create">
                        <DATE>20100205</DATE>
                        <VOUCHERTYPENAME>Payment</VOUCHERTYPENAME>
                        <NARRATION>Mifos - GL Interface 2010-10-02 to 2010-10-05.xml</NARRATION>
                        <ALLLEDGERENTRIES.LIST>
                            <LEDGERNAME>21102</LEDGERNAME>
                            <ISDEEMEDPOSITIVE>Yes</ISDEEMEDPOSITIVE>
                            <AMOUNT>-000075.0000</AMOUNT>
                            <CATEGORYALLOCATIONS.LIST>
                                <CATEGORY>Primary Cost Category</CATEGORY>
                                <COSTCENTREALLOCATIONS.LIST>
                                    <NAME>POTOTAN</NAME>
                                    <AMOUNT>-000075.0000</AMOUNT>
                                </COSTCENTREALLOCATIONS.LIST>
                            </CATEGORYALLOCATIONS.LIST>
                        </ALLLEDGERENTRIES.LIST>
                        <ALLLEDGERENTRIES.LIST>
                            <LEDGERNAME>11201</LEDGERNAME>
                            <ISDEEMEDPOSITIVE>No</ISDEEMEDPOSITIVE>
                            <AMOUNT>000075.0000</AMOUNT>
                            <CATEGORYALLOCATIONS.LIST>
                                <CATEGORY>Primary Cost Category</CATEGORY>
                                <COSTCENTREALLOCATIONS.LIST>
                                    <NAME>POTOTAN</NAME>
                                    <AMOUNT>000075.0000</AMOUNT>
                                </COSTCENTREALLOCATIONS.LIST>
                            </CATEGORYALLOCATIONS.LIST>
                        </ALLLEDGERENTRIES.LIST>
                    </VOUCHER>
                </TALLYMESSAGE>
                <TALLYMESSAGE xmlns:UDF="TallyUDF">
                    <VOUCHER VCHTYPE="Receipt" ACTION="Create">
                        <DATE>20100205</DATE>
                        <VOUCHERTYPENAME>Receipt</VOUCHERTYPENAME>
                        <NARRATION>Mifos - GL Interface 2010-10-02 to 2010-10-05.xml</NARRATION>
                        <ALLLEDGERENTRIES.LIST>
                            <LEDGERNAME>11201</LEDGERNAME>
                            <ISDEEMEDPOSITIVE>Yes</ISDEEMEDPOSITIVE>
                            <AMOUNT>-000278.0000</AMOUNT>
                            <CATEGORYALLOCATIONS.LIST>
                                <CATEGORY>Primary Cost Category</CATEGORY>
                                <COSTCENTREALLOCATIONS.LIST>
                                    <NAME>POTOTAN</NAME>
                                    <AMOUNT>-000278.0000</AMOUNT>
                                </COSTCENTREALLOCATIONS.LIST>
                            </CATEGORYALLOCATIONS.LIST>
                        </ALLLEDGERENTRIES.LIST>
                        <ALLLEDGERENTRIES.LIST>
                            <LEDGERNAME>21101</LEDGERNAME>
                            <ISDEEMEDPOSITIVE>No</ISDEEMEDPOSITIVE>
                            <AMOUNT>000271.0000</AMOUNT>
                            <CATEGORYALLOCATIONS.LIST>
                                <CATEGORY>Primary Cost Category</CATEGORY>
                                <COSTCENTREALLOCATIONS.LIST>
                                    <NAME>POTOTAN</NAME>
                                    <AMOUNT>000271.0000</AMOUNT>
                                </COSTCENTREALLOCATIONS.LIST>
                            </CATEGORYALLOCATIONS.LIST>
                        </ALLLEDGERENTRIES.LIST>
                        <ALLLEDGERENTRIES.LIST>
                            <LEDGERNAME>21102</LEDGERNAME>
                            <ISDEEMEDPOSITIVE>No</ISDEEMEDPOSITIVE>
                            <AMOUNT>000007.0000</AMOUNT>
                            <CATEGORYALLOCATIONS.LIST>
                                <CATEGORY>Primary Cost Category</CATEGORY>
                                <COSTCENTREALLOCATIONS.LIST>
                                    <NAME>POTOTAN</NAME>
                                    <AMOUNT>000007.0000</AMOUNT>
                                </COSTCENTREALLOCATIONS.LIST>
                            </CATEGORYALLOCATIONS.LIST>
                        </ALLLEDGERENTRIES.LIST>
                    </VOUCHER>
                </TALLYMESSAGE>
                <TALLYMESSAGE xmlns:UDF="TallyUDF">
                    <VOUCHER VCHTYPE="Journal" ACTION="Create">
                        <DATE>20100208</DATE>
                        <VOUCHERTYPENAME>Journal</VOUCHERTYPENAME>
                        <NARRATION>Mifos - GL Interface 2010-10-02 to 2010-10-05.xml</NARRATION>
                        <ALLLEDGERENTRIES.LIST>
                            <LEDGERNAME>21101</LEDGERNAME>
                            <ISDEEMEDPOSITIVE>No</ISDEEMEDPOSITIVE>
                            <AMOUNT>000006.0000</AMOUNT>
                            <CATEGORYALLOCATIONS.LIST>
                                <CATEGORY>Primary Cost Category</CATEGORY>
                                <COSTCENTREALLOCATIONS.LIST>
                                    <NAME>POTOTAN</NAME>
                                    <AMOUNT>000006.0000</AMOUNT>
                                </COSTCENTREALLOCATIONS.LIST>
                            </CATEGORYALLOCATIONS.LIST>
                        </ALLLEDGERENTRIES.LIST>
                        <ALLLEDGERENTRIES.LIST>
                            <LEDGERNAME>41101</LEDGERNAME>
                            <ISDEEMEDPOSITIVE>Yes</ISDEEMEDPOSITIVE>
                            <AMOUNT>-000006.0000</AMOUNT>
                            <CATEGORYALLOCATIONS.LIST>
                                <CATEGORY>Primary Cost Category</CATEGORY>
                                <COSTCENTREALLOCATIONS.LIST>
                                    <NAME>POTOTAN</NAME>
                                    <AMOUNT>-000006.0000</AMOUNT>
                                </COSTCENTREALLOCATIONS.LIST>
                            </CATEGORYALLOCATIONS.LIST>
                        </ALLLEDGERENTRIES.LIST>
                    </VOUCHER>
                </TALLYMESSAGE>
                <TALLYMESSAGE xmlns:UDF="TallyUDF">
                    <VOUCHER VCHTYPE="Payment" ACTION="Create">
                        <DATE>20100208</DATE>
                        <VOUCHERTYPENAME>Payment</VOUCHERTYPENAME>
                        <NARRATION>Mifos - GL Interface 2010-10-02 to 2010-10-05.xml</NARRATION>
                        <ALLLEDGERENTRIES.LIST>
                            <LEDGERNAME>21101</LEDGERNAME>
                            <ISDEEMEDPOSITIVE>Yes</ISDEEMEDPOSITIVE>
                            <AMOUNT>-006103.0000</AMOUNT>
                            <CATEGORYALLOCATIONS.LIST>
                                <CATEGORY>Primary Cost Category</CATEGORY>
                                <COSTCENTREALLOCATIONS.LIST>
                                    <NAME>POTOTAN</NAME>
                                    <AMOUNT>-006103.0000</AMOUNT>
                                </COSTCENTREALLOCATIONS.LIST>
                            </CATEGORYALLOCATIONS.LIST>
                        </ALLLEDGERENTRIES.LIST>
                        <ALLLEDGERENTRIES.LIST>
                            <LEDGERNAME>21102</LEDGERNAME>
                            <ISDEEMEDPOSITIVE>Yes</ISDEEMEDPOSITIVE>
                            <AMOUNT>-000828.0000</AMOUNT>
                            <CATEGORYALLOCATIONS.LIST>
                                <CATEGORY>Primary Cost Category</CATEGORY>
                                <COSTCENTREALLOCATIONS.LIST>
                                    <NAME>POTOTAN</NAME>
                                    <AMOUNT>-000828.0000</AMOUNT>
                                </COSTCENTREALLOCATIONS.LIST>
                            </CATEGORYALLOCATIONS.LIST>
                        </ALLLEDGERENTRIES.LIST>
                        <ALLLEDGERENTRIES.LIST>
                            <LEDGERNAME>11201</LEDGERNAME>
                            <ISDEEMEDPOSITIVE>No</ISDEEMEDPOSITIVE>
                            <AMOUNT>006931.0000</AMOUNT>
                            <CATEGORYALLOCATIONS.LIST>
                                <CATEGORY>Primary Cost Category</CATEGORY>
                                <COSTCENTREALLOCATIONS.LIST>
                                    <NAME>POTOTAN</NAME>
                                    <AMOUNT>006931.0000</AMOUNT>
                                </COSTCENTREALLOCATIONS.LIST>
                            </CATEGORYALLOCATIONS.LIST>
                        </ALLLEDGERENTRIES.LIST>
                    </VOUCHER>
                </TALLYMESSAGE>
                <TALLYMESSAGE xmlns:UDF="TallyUDF">
                    <VOUCHER VCHTYPE="Receipt" ACTION="Create">
                        <DATE>20100208</DATE>
                        <VOUCHERTYPENAME>Receipt</VOUCHERTYPENAME>
                        <NARRATION>Mifos - GL Interface 2010-10-02 to 2010-10-05.xml</NARRATION>
                        <ALLLEDGERENTRIES.LIST>
                            <LEDGERNAME>11201</LEDGERNAME>
                            <ISDEEMEDPOSITIVE>Yes</ISDEEMEDPOSITIVE>
                            <AMOUNT>-092898.0000</AMOUNT>
                            <CATEGORYALLOCATIONS.LIST>
                                <CATEGORY>Primary Cost Category</CATEGORY>
                                <COSTCENTREALLOCATIONS.LIST>
                                    <NAME>POTOTAN</NAME>
                                    <AMOUNT>-092898.0000</AMOUNT>
                                </COSTCENTREALLOCATIONS.LIST>
                            </CATEGORYALLOCATIONS.LIST>
                        </ALLLEDGERENTRIES.LIST>
                        <ALLLEDGERENTRIES.LIST>
                            <LEDGERNAME>12101</LEDGERNAME>
                            <ISDEEMEDPOSITIVE>No</ISDEEMEDPOSITIVE>
                            <AMOUNT>071119.0000</AMOUNT>
                            <CATEGORYALLOCATIONS.LIST>
                                <CATEGORY>Primary Cost Category</CATEGORY>
                                <COSTCENTREALLOCATIONS.LIST>
                                    <NAME>POTOTAN</NAME>
                                    <AMOUNT>071119.0000</AMOUNT>
                                </COSTCENTREALLOCATIONS.LIST>
                            </CATEGORYALLOCATIONS.LIST>
                        </ALLLEDGERENTRIES.LIST>
                        <ALLLEDGERENTRIES.LIST>
                            <LEDGERNAME>21101</LEDGERNAME>
                            <ISDEEMEDPOSITIVE>No</ISDEEMEDPOSITIVE>
                            <AMOUNT>004420.0000</AMOUNT>
                            <CATEGORYALLOCATIONS.LIST>
                                <CATEGORY>Primary Cost Category</CATEGORY>
                                <COSTCENTREALLOCATIONS.LIST>
                                    <NAME>POTOTAN</NAME>
                                    <AMOUNT>004420.0000</AMOUNT>
                                </COSTCENTREALLOCATIONS.LIST>
                            </CATEGORYALLOCATIONS.LIST>
                        </ALLLEDGERENTRIES.LIST>
                        <ALLLEDGERENTRIES.LIST>
                            <LEDGERNAME>21102</LEDGERNAME>
                            <ISDEEMEDPOSITIVE>No</ISDEEMEDPOSITIVE>
                            <AMOUNT>001045.0000</AMOUNT>
                            <CATEGORYALLOCATIONS.LIST>
                                <CATEGORY>Primary Cost Category</CATEGORY>
                                <COSTCENTREALLOCATIONS.LIST>
                                    <NAME>POTOTAN</NAME>
                                    <AMOUNT>001045.0000</AMOUNT>
                                </COSTCENTREALLOCATIONS.LIST>
                            </CATEGORYALLOCATIONS.LIST>
                        </ALLLEDGERENTRIES.LIST>
                        <ALLLEDGERENTRIES.LIST>
                            <LEDGERNAME>31101</LEDGERNAME>
                            <ISDEEMEDPOSITIVE>No</ISDEEMEDPOSITIVE>
                            <AMOUNT>012206.0000</AMOUNT>
                            <CATEGORYALLOCATIONS.LIST>
                                <CATEGORY>Primary Cost Category</CATEGORY>
                                <COSTCENTREALLOCATIONS.LIST>
                                    <NAME>POTOTAN</NAME>
                                    <AMOUNT>012206.0000</AMOUNT>
                                </COSTCENTREALLOCATIONS.LIST>
                            </CATEGORYALLOCATIONS.LIST>
                        </ALLLEDGERENTRIES.LIST>
                        <ALLLEDGERENTRIES.LIST>
                            <LEDGERNAME>31201</LEDGERNAME>
                            <ISDEEMEDPOSITIVE>No</ISDEEMEDPOSITIVE>
                            <AMOUNT>004108.0000</AMOUNT>
                            <CATEGORYALLOCATIONS.LIST>
                                <CATEGORY>Primary Cost Category</CATEGORY>
                                <COSTCENTREALLOCATIONS.LIST>
                                    <NAME>POTOTAN</NAME>
                                    <AMOUNT>004108.0000</AMOUNT>
                                </COSTCENTREALLOCATIONS.LIST>
                            </CATEGORYALLOCATIONS.LIST>
                        </ALLLEDGERENTRIES.LIST>
                    </VOUCHER>
                </TALLYMESSAGE>
                <TALLYMESSAGE xmlns:UDF="TallyUDF">
                    <VOUCHER VCHTYPE="Journal" ACTION="Create">
                        <DATE>20100209</DATE>
                        <VOUCHERTYPENAME>Journal</VOUCHERTYPENAME>
                        <NARRATION>Mifos - GL Interface 2010-10-02 to 2010-10-05.xml</NARRATION>
                        <ALLLEDGERENTRIES.LIST>
                            <LEDGERNAME>21101</LEDGERNAME>
                            <ISDEEMEDPOSITIVE>No</ISDEEMEDPOSITIVE>
                            <AMOUNT>000010.0000</AMOUNT>
                            <CATEGORYALLOCATIONS.LIST>
                                <CATEGORY>Primary Cost Category</CATEGORY>
                                <COSTCENTREALLOCATIONS.LIST>
                                    <NAME>POTOTAN</NAME>
                                    <AMOUNT>000010.0000</AMOUNT>
                                </COSTCENTREALLOCATIONS.LIST>
                            </CATEGORYALLOCATIONS.LIST>
                        </ALLLEDGERENTRIES.LIST>
                        <ALLLEDGERENTRIES.LIST>
                            <LEDGERNAME>41101</LEDGERNAME>
                            <ISDEEMEDPOSITIVE>Yes</ISDEEMEDPOSITIVE>
                            <AMOUNT>-000010.0000</AMOUNT>
                            <CATEGORYALLOCATIONS.LIST>
                                <CATEGORY>Primary Cost Category</CATEGORY>
                                <COSTCENTREALLOCATIONS.LIST>
                                    <NAME>POTOTAN</NAME>
                                    <AMOUNT>-000010.0000</AMOUNT>
                                </COSTCENTREALLOCATIONS.LIST>
                            </CATEGORYALLOCATIONS.LIST>
                        </ALLLEDGERENTRIES.LIST>
                    </VOUCHER>
                </TALLYMESSAGE>
                <TALLYMESSAGE xmlns:UDF="TallyUDF">
                    <VOUCHER VCHTYPE="Payment" ACTION="Create">
                        <DATE>20100209</DATE>
                        <VOUCHERTYPENAME>Payment</VOUCHERTYPENAME>
                        <NARRATION>Mifos - GL Interface 2010-10-02 to 2010-10-05.xml</NARRATION>
                        <ALLLEDGERENTRIES.LIST>
                            <LEDGERNAME>21101</LEDGERNAME>
                            <ISDEEMEDPOSITIVE>Yes</ISDEEMEDPOSITIVE>
                            <AMOUNT>-001898.0000</AMOUNT>
                            <CATEGORYALLOCATIONS.LIST>
                                <CATEGORY>Primary Cost Category</CATEGORY>
                                <COSTCENTREALLOCATIONS.LIST>
                                    <NAME>POTOTAN</NAME>
                                    <AMOUNT>-001898.0000</AMOUNT>
                                </COSTCENTREALLOCATIONS.LIST>
                            </CATEGORYALLOCATIONS.LIST>
                        </ALLLEDGERENTRIES.LIST>
                        <ALLLEDGERENTRIES.LIST>
                            <LEDGERNAME>11201</LEDGERNAME>
                            <ISDEEMEDPOSITIVE>No</ISDEEMEDPOSITIVE>
                            <AMOUNT>001898.0000</AMOUNT>
                            <CATEGORYALLOCATIONS.LIST>
                                <CATEGORY>Primary Cost Category</CATEGORY>
                                <COSTCENTREALLOCATIONS.LIST>
                                    <NAME>POTOTAN</NAME>
                                    <AMOUNT>001898.0000</AMOUNT>
                                </COSTCENTREALLOCATIONS.LIST>
                            </CATEGORYALLOCATIONS.LIST>
                        </ALLLEDGERENTRIES.LIST>
                    </VOUCHER>
                </TALLYMESSAGE>
                <TALLYMESSAGE xmlns:UDF="TallyUDF">
                    <VOUCHER VCHTYPE="Payment" ACTION="Create">
                        <DATE>20100210</DATE>
                        <VOUCHERTYPENAME>Payment</VOUCHERTYPENAME>
                        <NARRATION>Mifos - GL Interface 2010-10-02 to 2010-10-05.xml</NARRATION>
                        <ALLLEDGERENTRIES.LIST>
                            <LEDGERNAME>21102</LEDGERNAME>
                            <ISDEEMEDPOSITIVE>Yes</ISDEEMEDPOSITIVE>
                            <AMOUNT>-000033.0000</AMOUNT>
                            <CATEGORYALLOCATIONS.LIST>
                                <CATEGORY>Primary Cost Category</CATEGORY>
                                <COSTCENTREALLOCATIONS.LIST>
                                    <NAME>POTOTAN</NAME>
                                    <AMOUNT>-000033.0000</AMOUNT>
                                </COSTCENTREALLOCATIONS.LIST>
                            </CATEGORYALLOCATIONS.LIST>
                        </ALLLEDGERENTRIES.LIST>
                        <ALLLEDGERENTRIES.LIST>
                            <LEDGERNAME>11201</LEDGERNAME>
                            <ISDEEMEDPOSITIVE>No</ISDEEMEDPOSITIVE>
                            <AMOUNT>000033.0000</AMOUNT>
                            <CATEGORYALLOCATIONS.LIST>
                                <CATEGORY>Primary Cost Category</CATEGORY>
                                <COSTCENTREALLOCATIONS.LIST>
                                    <NAME>POTOTAN</NAME>
                                    <AMOUNT>000033.0000</AMOUNT>
                                </COSTCENTREALLOCATIONS.LIST>
                            </CATEGORYALLOCATIONS.LIST>
                        </ALLLEDGERENTRIES.LIST>
                    </VOUCHER>
                </TALLYMESSAGE>
                <TALLYMESSAGE xmlns:UDF="TallyUDF">
                    <VOUCHER VCHTYPE="Receipt" ACTION="Create">
                        <DATE>20100210</DATE>
                        <VOUCHERTYPENAME>Receipt</VOUCHERTYPENAME>
                        <NARRATION>Mifos - GL Interface 2010-10-02 to 2010-10-05.xml</NARRATION>
                        <ALLLEDGERENTRIES.LIST>
                            <LEDGERNAME>11201</LEDGERNAME>
                            <ISDEEMEDPOSITIVE>Yes</ISDEEMEDPOSITIVE>
                            <AMOUNT>-009282.0000</AMOUNT>
                            <CATEGORYALLOCATIONS.LIST>
                                <CATEGORY>Primary Cost Category</CATEGORY>
                                <COSTCENTREALLOCATIONS.LIST>
                                    <NAME>POTOTAN</NAME>
                                    <AMOUNT>-009282.0000</AMOUNT>
                                </COSTCENTREALLOCATIONS.LIST>
                            </CATEGORYALLOCATIONS.LIST>
                        </ALLLEDGERENTRIES.LIST>
                        <ALLLEDGERENTRIES.LIST>
                            <LEDGERNAME>12101</LEDGERNAME>
                            <ISDEEMEDPOSITIVE>No</ISDEEMEDPOSITIVE>
                            <AMOUNT>007011.0000</AMOUNT>
                            <CATEGORYALLOCATIONS.LIST>
                                <CATEGORY>Primary Cost Category</CATEGORY>
                                <COSTCENTREALLOCATIONS.LIST>
                                    <NAME>POTOTAN</NAME>
                                    <AMOUNT>007011.0000</AMOUNT>
                                </COSTCENTREALLOCATIONS.LIST>
                            </CATEGORYALLOCATIONS.LIST>
                        </ALLLEDGERENTRIES.LIST>
                        <ALLLEDGERENTRIES.LIST>
                            <LEDGERNAME>21101</LEDGERNAME>
                            <ISDEEMEDPOSITIVE>No</ISDEEMEDPOSITIVE>
                            <AMOUNT>000520.0000</AMOUNT>
                            <CATEGORYALLOCATIONS.LIST>
                                <CATEGORY>Primary Cost Category</CATEGORY>
                                <COSTCENTREALLOCATIONS.LIST>
                                    <NAME>POTOTAN</NAME>
                                    <AMOUNT>000520.0000</AMOUNT>
                                </COSTCENTREALLOCATIONS.LIST>
                            </CATEGORYALLOCATIONS.LIST>
                        </ALLLEDGERENTRIES.LIST>
                        <ALLLEDGERENTRIES.LIST>
                            <LEDGERNAME>21102</LEDGERNAME>
                            <ISDEEMEDPOSITIVE>No</ISDEEMEDPOSITIVE>
                            <AMOUNT>000035.0000</AMOUNT>
                            <CATEGORYALLOCATIONS.LIST>
                                <CATEGORY>Primary Cost Category</CATEGORY>
                                <COSTCENTREALLOCATIONS.LIST>
                                    <NAME>POTOTAN</NAME>
                                    <AMOUNT>000035.0000</AMOUNT>
                                </COSTCENTREALLOCATIONS.LIST>
                            </CATEGORYALLOCATIONS.LIST>
                        </ALLLEDGERENTRIES.LIST>
                        <ALLLEDGERENTRIES.LIST>
                            <LEDGERNAME>31101</LEDGERNAME>
                            <ISDEEMEDPOSITIVE>No</ISDEEMEDPOSITIVE>
                            <AMOUNT>001230.0000</AMOUNT>
                            <CATEGORYALLOCATIONS.LIST>
                                <CATEGORY>Primary Cost Category</CATEGORY>
                                <COSTCENTREALLOCATIONS.LIST>
                                    <NAME>POTOTAN</NAME>
                                    <AMOUNT>001230.0000</AMOUNT>
                                </COSTCENTREALLOCATIONS.LIST>
                            </CATEGORYALLOCATIONS.LIST>
                        </ALLLEDGERENTRIES.LIST>
                        <ALLLEDGERENTRIES.LIST>
                            <LEDGERNAME>31201</LEDGERNAME>
                            <ISDEEMEDPOSITIVE>No</ISDEEMEDPOSITIVE>
                            <AMOUNT>000486.0000</AMOUNT>
                            <CATEGORYALLOCATIONS.LIST>
                                <CATEGORY>Primary Cost Category</CATEGORY>
                                <COSTCENTREALLOCATIONS.LIST>
                                    <NAME>POTOTAN</NAME>
                                    <AMOUNT>000486.0000</AMOUNT>
                                </COSTCENTREALLOCATIONS.LIST>
                            </CATEGORYALLOCATIONS.LIST>
                        </ALLLEDGERENTRIES.LIST>
                    </VOUCHER>
                </TALLYMESSAGE>
                <TALLYMESSAGE xmlns:UDF="TallyUDF">
                    <VOUCHER VCHTYPE="Payment" ACTION="Create">
                        <DATE>20100201</DATE>
                        <VOUCHERTYPENAME>Payment</VOUCHERTYPENAME>
                        <NARRATION>Mifos - GL Interface 2010-10-02 to 2010-10-05.xml</NARRATION>
                        <ALLLEDGERENTRIES.LIST>
                            <LEDGERNAME>12101</LEDGERNAME>
                            <ISDEEMEDPOSITIVE>Yes</ISDEEMEDPOSITIVE>
                            <AMOUNT>-129000.0000</AMOUNT>
                            <CATEGORYALLOCATIONS.LIST>
                                <CATEGORY>Primary Cost Category</CATEGORY>
                                <COSTCENTREALLOCATIONS.LIST>
                                    <NAME>SARA</NAME>
                                    <AMOUNT>-129000.0000</AMOUNT>
                                </COSTCENTREALLOCATIONS.LIST>
                            </CATEGORYALLOCATIONS.LIST>
                        </ALLLEDGERENTRIES.LIST>
                        <ALLLEDGERENTRIES.LIST>
                            <LEDGERNAME>21101</LEDGERNAME>
                            <ISDEEMEDPOSITIVE>Yes</ISDEEMEDPOSITIVE>
                            <AMOUNT>-004620.0000</AMOUNT>
                            <CATEGORYALLOCATIONS.LIST>
                                <CATEGORY>Primary Cost Category</CATEGORY>
                                <COSTCENTREALLOCATIONS.LIST>
                                    <NAME>SARA</NAME>
                                    <AMOUNT>-004620.0000</AMOUNT>
                                </COSTCENTREALLOCATIONS.LIST>
                            </CATEGORYALLOCATIONS.LIST>
                        </ALLLEDGERENTRIES.LIST>
                        <ALLLEDGERENTRIES.LIST>
                            <LEDGERNAME>21102</LEDGERNAME>
                            <ISDEEMEDPOSITIVE>Yes</ISDEEMEDPOSITIVE>
                            <AMOUNT>-000370.0000</AMOUNT>
                            <CATEGORYALLOCATIONS.LIST>
                                <CATEGORY>Primary Cost Category</CATEGORY>
                                <COSTCENTREALLOCATIONS.LIST>
                                    <NAME>SARA</NAME>
                                    <AMOUNT>-000370.0000</AMOUNT>
                                </COSTCENTREALLOCATIONS.LIST>
                            </CATEGORYALLOCATIONS.LIST>
                        </ALLLEDGERENTRIES.LIST>
                        <ALLLEDGERENTRIES.LIST>
                            <LEDGERNAME>11201</LEDGERNAME>
                            <ISDEEMEDPOSITIVE>No</ISDEEMEDPOSITIVE>
                            <AMOUNT>133990.0000</AMOUNT>
                            <CATEGORYALLOCATIONS.LIST>
                                <CATEGORY>Primary Cost Category</CATEGORY>
                                <COSTCENTREALLOCATIONS.LIST>
                                    <NAME>SARA</NAME>
                                    <AMOUNT>133990.0000</AMOUNT>
                                </COSTCENTREALLOCATIONS.LIST>
                            </CATEGORYALLOCATIONS.LIST>
                        </ALLLEDGERENTRIES.LIST>
                    </VOUCHER>
                </TALLYMESSAGE>
                <TALLYMESSAGE xmlns:UDF="TallyUDF">
                    <VOUCHER VCHTYPE="Receipt" ACTION="Create">
                        <DATE>20100201</DATE>
                        <VOUCHERTYPENAME>Receipt</VOUCHERTYPENAME>
                        <NARRATION>Mifos - GL Interface 2010-10-02 to 2010-10-05.xml</NARRATION>
                        <ALLLEDGERENTRIES.LIST>
                            <LEDGERNAME>11201</LEDGERNAME>
                            <ISDEEMEDPOSITIVE>Yes</ISDEEMEDPOSITIVE>
                            <AMOUNT>-139932.0000</AMOUNT>
                            <CATEGORYALLOCATIONS.LIST>
                                <CATEGORY>Primary Cost Category</CATEGORY>
                                <COSTCENTREALLOCATIONS.LIST>
                                    <NAME>SARA</NAME>
                                    <AMOUNT>-139932.0000</AMOUNT>
                                </COSTCENTREALLOCATIONS.LIST>
                            </CATEGORYALLOCATIONS.LIST>
                        </ALLLEDGERENTRIES.LIST>
                        <ALLLEDGERENTRIES.LIST>
                            <LEDGERNAME>12101</LEDGERNAME>
                            <ISDEEMEDPOSITIVE>No</ISDEEMEDPOSITIVE>
                            <AMOUNT>092417.0000</AMOUNT>
                            <CATEGORYALLOCATIONS.LIST>
                                <CATEGORY>Primary Cost Category</CATEGORY>
                                <COSTCENTREALLOCATIONS.LIST>
                                    <NAME>SARA</NAME>
                                    <AMOUNT>092417.0000</AMOUNT>
                                </COSTCENTREALLOCATIONS.LIST>
                            </CATEGORYALLOCATIONS.LIST>
                        </ALLLEDGERENTRIES.LIST>
                        <ALLLEDGERENTRIES.LIST>
                            <LEDGERNAME>21101</LEDGERNAME>
                            <ISDEEMEDPOSITIVE>No</ISDEEMEDPOSITIVE>
                            <AMOUNT>013375.0000</AMOUNT>
                            <CATEGORYALLOCATIONS.LIST>
                                <CATEGORY>Primary Cost Category</CATEGORY>
                                <COSTCENTREALLOCATIONS.LIST>
                                    <NAME>SARA</NAME>
                                    <AMOUNT>013375.0000</AMOUNT>
                                </COSTCENTREALLOCATIONS.LIST>
                            </CATEGORYALLOCATIONS.LIST>
                        </ALLLEDGERENTRIES.LIST>
                        <ALLLEDGERENTRIES.LIST>
                            <LEDGERNAME>21102</LEDGERNAME>
                            <ISDEEMEDPOSITIVE>No</ISDEEMEDPOSITIVE>
                            <AMOUNT>008390.0000</AMOUNT>
                            <CATEGORYALLOCATIONS.LIST>
                                <CATEGORY>Primary Cost Category</CATEGORY>
                                <COSTCENTREALLOCATIONS.LIST>
                                    <NAME>SARA</NAME>
                                    <AMOUNT>008390.0000</AMOUNT>
                                </COSTCENTREALLOCATIONS.LIST>
                            </CATEGORYALLOCATIONS.LIST>
                        </ALLLEDGERENTRIES.LIST>
                        <ALLLEDGERENTRIES.LIST>
                            <LEDGERNAME>31101</LEDGERNAME>
                            <ISDEEMEDPOSITIVE>No</ISDEEMEDPOSITIVE>
                            <AMOUNT>015232.0000</AMOUNT>
                            <CATEGORYALLOCATIONS.LIST>
                                <CATEGORY>Primary Cost Category</CATEGORY>
                                <COSTCENTREALLOCATIONS.LIST>
                                    <NAME>SARA</NAME>
                                    <AMOUNT>015232.0000</AMOUNT>
                                </COSTCENTREALLOCATIONS.LIST>
                            </CATEGORYALLOCATIONS.LIST>
                        </ALLLEDGERENTRIES.LIST>
                        <ALLLEDGERENTRIES.LIST>
                            <LEDGERNAME>31201</LEDGERNAME>
                            <ISDEEMEDPOSITIVE>No</ISDEEMEDPOSITIVE>
                            <AMOUNT>010518.0000</AMOUNT>
                            <CATEGORYALLOCATIONS.LIST>
                                <CATEGORY>Primary Cost Category</CATEGORY>
                                <COSTCENTREALLOCATIONS.LIST>
                                    <NAME>SARA</NAME>
                                    <AMOUNT>010518.0000</AMOUNT>
                                </COSTCENTREALLOCATIONS.LIST>
                            </CATEGORYALLOCATIONS.LIST>
                        </ALLLEDGERENTRIES.LIST>
                    </VOUCHER>
                </TALLYMESSAGE>
                <TALLYMESSAGE xmlns:UDF="TallyUDF">
                    <VOUCHER VCHTYPE="Payment" ACTION="Create">
                        <DATE>20100202</DATE>
                        <VOUCHERTYPENAME>Payment</VOUCHERTYPENAME>
                        <NARRATION>Mifos - GL Interface 2010-10-02 to 2010-10-05.xml</NARRATION>
                        <ALLLEDGERENTRIES.LIST>
                            <LEDGERNAME>12101</LEDGERNAME>
                            <ISDEEMEDPOSITIVE>Yes</ISDEEMEDPOSITIVE>
                            <AMOUNT>-045000.0000</AMOUNT>
                            <CATEGORYALLOCATIONS.LIST>
                                <CATEGORY>Primary Cost Category</CATEGORY>
                                <COSTCENTREALLOCATIONS.LIST>
                                    <NAME>SARA</NAME>
                                    <AMOUNT>-045000.0000</AMOUNT>
                                </COSTCENTREALLOCATIONS.LIST>
                            </CATEGORYALLOCATIONS.LIST>
                        </ALLLEDGERENTRIES.LIST>
                        <ALLLEDGERENTRIES.LIST>
                            <LEDGERNAME>21102</LEDGERNAME>
                            <ISDEEMEDPOSITIVE>Yes</ISDEEMEDPOSITIVE>
                            <AMOUNT>-000615.0000</AMOUNT>
                            <CATEGORYALLOCATIONS.LIST>
                                <CATEGORY>Primary Cost Category</CATEGORY>
                                <COSTCENTREALLOCATIONS.LIST>
                                    <NAME>SARA</NAME>
                                    <AMOUNT>-000615.0000</AMOUNT>
                                </COSTCENTREALLOCATIONS.LIST>
                            </CATEGORYALLOCATIONS.LIST>
                        </ALLLEDGERENTRIES.LIST>
                        <ALLLEDGERENTRIES.LIST>
                            <LEDGERNAME>11201</LEDGERNAME>
                            <ISDEEMEDPOSITIVE>No</ISDEEMEDPOSITIVE>
                            <AMOUNT>045615.0000</AMOUNT>
                            <CATEGORYALLOCATIONS.LIST>
                                <CATEGORY>Primary Cost Category</CATEGORY>
                                <COSTCENTREALLOCATIONS.LIST>
                                    <NAME>SARA</NAME>
                                    <AMOUNT>045615.0000</AMOUNT>
                                </COSTCENTREALLOCATIONS.LIST>
                            </CATEGORYALLOCATIONS.LIST>
                        </ALLLEDGERENTRIES.LIST>
                    </VOUCHER>
                </TALLYMESSAGE>
                <TALLYMESSAGE xmlns:UDF="TallyUDF">
                    <VOUCHER VCHTYPE="Receipt" ACTION="Create">
                        <DATE>20100202</DATE>
                        <VOUCHERTYPENAME>Receipt</VOUCHERTYPENAME>
                        <NARRATION>Mifos - GL Interface 2010-10-02 to 2010-10-05.xml</NARRATION>
                        <ALLLEDGERENTRIES.LIST>
                            <LEDGERNAME>11201</LEDGERNAME>
                            <ISDEEMEDPOSITIVE>Yes</ISDEEMEDPOSITIVE>
                            <AMOUNT>-080650.0000</AMOUNT>
                            <CATEGORYALLOCATIONS.LIST>
                                <CATEGORY>Primary Cost Category</CATEGORY>
                                <COSTCENTREALLOCATIONS.LIST>
                                    <NAME>SARA</NAME>
                                    <AMOUNT>-080650.0000</AMOUNT>
                                </COSTCENTREALLOCATIONS.LIST>
                            </CATEGORYALLOCATIONS.LIST>
                        </ALLLEDGERENTRIES.LIST>
                        <ALLLEDGERENTRIES.LIST>
                            <LEDGERNAME>12101</LEDGERNAME>
                            <ISDEEMEDPOSITIVE>No</ISDEEMEDPOSITIVE>
                            <AMOUNT>059112.0000</AMOUNT>
                            <CATEGORYALLOCATIONS.LIST>
                                <CATEGORY>Primary Cost Category</CATEGORY>
                                <COSTCENTREALLOCATIONS.LIST>
                                    <NAME>SARA</NAME>
                                    <AMOUNT>059112.0000</AMOUNT>
                                </COSTCENTREALLOCATIONS.LIST>
                            </CATEGORYALLOCATIONS.LIST>
                        </ALLLEDGERENTRIES.LIST>
                        <ALLLEDGERENTRIES.LIST>
                            <LEDGERNAME>21101</LEDGERNAME>
                            <ISDEEMEDPOSITIVE>No</ISDEEMEDPOSITIVE>
                            <AMOUNT>005280.0000</AMOUNT>
                            <CATEGORYALLOCATIONS.LIST>
                                <CATEGORY>Primary Cost Category</CATEGORY>
                                <COSTCENTREALLOCATIONS.LIST>
                                    <NAME>SARA</NAME>
                                    <AMOUNT>005280.0000</AMOUNT>
                                </COSTCENTREALLOCATIONS.LIST>
                            </CATEGORYALLOCATIONS.LIST>
                        </ALLLEDGERENTRIES.LIST>
                        <ALLLEDGERENTRIES.LIST>
                            <LEDGERNAME>21102</LEDGERNAME>
                            <ISDEEMEDPOSITIVE>No</ISDEEMEDPOSITIVE>
                            <AMOUNT>000979.0000</AMOUNT>
                            <CATEGORYALLOCATIONS.LIST>
                                <CATEGORY>Primary Cost Category</CATEGORY>
                                <COSTCENTREALLOCATIONS.LIST>
                                    <NAME>SARA</NAME>
                                    <AMOUNT>000979.0000</AMOUNT>
                                </COSTCENTREALLOCATIONS.LIST>
                            </CATEGORYALLOCATIONS.LIST>
                        </ALLLEDGERENTRIES.LIST>
                        <ALLLEDGERENTRIES.LIST>
                            <LEDGERNAME>31101</LEDGERNAME>
                            <ISDEEMEDPOSITIVE>No</ISDEEMEDPOSITIVE>
                            <AMOUNT>010601.0000</AMOUNT>
                            <CATEGORYALLOCATIONS.LIST>
                                <CATEGORY>Primary Cost Category</CATEGORY>
                                <COSTCENTREALLOCATIONS.LIST>
                                    <NAME>SARA</NAME>
                                    <AMOUNT>010601.0000</AMOUNT>
                                </COSTCENTREALLOCATIONS.LIST>
                            </CATEGORYALLOCATIONS.LIST>
                        </ALLLEDGERENTRIES.LIST>
                        <ALLLEDGERENTRIES.LIST>
                            <LEDGERNAME>31201</LEDGERNAME>
                            <ISDEEMEDPOSITIVE>No</ISDEEMEDPOSITIVE>
                            <AMOUNT>004678.0000</AMOUNT>
                            <CATEGORYALLOCATIONS.LIST>
                                <CATEGORY>Primary Cost Category</CATEGORY>
                                <COSTCENTREALLOCATIONS.LIST>
                                    <NAME>SARA</NAME>
                                    <AMOUNT>004678.0000</AMOUNT>
                                </COSTCENTREALLOCATIONS.LIST>
                            </CATEGORYALLOCATIONS.LIST>
                        </ALLLEDGERENTRIES.LIST>
                    </VOUCHER>
                </TALLYMESSAGE>
                <TALLYMESSAGE xmlns:UDF="TallyUDF">
                    <VOUCHER VCHTYPE="Payment" ACTION="Create">
                        <DATE>20100203</DATE>
                        <VOUCHERTYPENAME>Payment</VOUCHERTYPENAME>
                        <NARRATION>Mifos - GL Interface 2010-10-02 to 2010-10-05.xml</NARRATION>
                        <ALLLEDGERENTRIES.LIST>
                            <LEDGERNAME>12101</LEDGERNAME>
                            <ISDEEMEDPOSITIVE>Yes</ISDEEMEDPOSITIVE>
                            <AMOUNT>-145500.0000</AMOUNT>
                            <CATEGORYALLOCATIONS.LIST>
                                <CATEGORY>Primary Cost Category</CATEGORY>
                                <COSTCENTREALLOCATIONS.LIST>
                                    <NAME>SARA</NAME>
                                    <AMOUNT>-145500.0000</AMOUNT>
                                </COSTCENTREALLOCATIONS.LIST>
                            </CATEGORYALLOCATIONS.LIST>
                        </ALLLEDGERENTRIES.LIST>
                        <ALLLEDGERENTRIES.LIST>
                            <LEDGERNAME>21101</LEDGERNAME>
                            <ISDEEMEDPOSITIVE>Yes</ISDEEMEDPOSITIVE>
                            <AMOUNT>-000540.0000</AMOUNT>
                            <CATEGORYALLOCATIONS.LIST>
                                <CATEGORY>Primary Cost Category</CATEGORY>
                                <COSTCENTREALLOCATIONS.LIST>
                                    <NAME>SARA</NAME>
                                    <AMOUNT>-000540.0000</AMOUNT>
                                </COSTCENTREALLOCATIONS.LIST>
                            </CATEGORYALLOCATIONS.LIST>
                        </ALLLEDGERENTRIES.LIST>
                        <ALLLEDGERENTRIES.LIST>
                            <LEDGERNAME>21102</LEDGERNAME>
                            <ISDEEMEDPOSITIVE>Yes</ISDEEMEDPOSITIVE>
                            <AMOUNT>-001873.0000</AMOUNT>
                            <CATEGORYALLOCATIONS.LIST>
                                <CATEGORY>Primary Cost Category</CATEGORY>
                                <COSTCENTREALLOCATIONS.LIST>
                                    <NAME>SARA</NAME>
                                    <AMOUNT>-001873.0000</AMOUNT>
                                </COSTCENTREALLOCATIONS.LIST>
                            </CATEGORYALLOCATIONS.LIST>
                        </ALLLEDGERENTRIES.LIST>
                        <ALLLEDGERENTRIES.LIST>
                            <LEDGERNAME>11201</LEDGERNAME>
                            <ISDEEMEDPOSITIVE>No</ISDEEMEDPOSITIVE>
                            <AMOUNT>147913.0000</AMOUNT>
                            <CATEGORYALLOCATIONS.LIST>
                                <CATEGORY>Primary Cost Category</CATEGORY>
                                <COSTCENTREALLOCATIONS.LIST>
                                    <NAME>SARA</NAME>
                                    <AMOUNT>147913.0000</AMOUNT>
                                </COSTCENTREALLOCATIONS.LIST>
                            </CATEGORYALLOCATIONS.LIST>
                        </ALLLEDGERENTRIES.LIST>
                    </VOUCHER>
                </TALLYMESSAGE>
                <TALLYMESSAGE xmlns:UDF="TallyUDF">
                    <VOUCHER VCHTYPE="Receipt" ACTION="Create">
                        <DATE>20100203</DATE>
                        <VOUCHERTYPENAME>Receipt</VOUCHERTYPENAME>
                        <NARRATION>Mifos - GL Interface 2010-10-02 to 2010-10-05.xml</NARRATION>
                        <ALLLEDGERENTRIES.LIST>
                            <LEDGERNAME>11201</LEDGERNAME>
                            <ISDEEMEDPOSITIVE>Yes</ISDEEMEDPOSITIVE>
                            <AMOUNT>-137385.0000</AMOUNT>
                            <CATEGORYALLOCATIONS.LIST>
                                <CATEGORY>Primary Cost Category</CATEGORY>
                                <COSTCENTREALLOCATIONS.LIST>
                                    <NAME>SARA</NAME>
                                    <AMOUNT>-137385.0000</AMOUNT>
                                </COSTCENTREALLOCATIONS.LIST>
                            </CATEGORYALLOCATIONS.LIST>
                        </ALLLEDGERENTRIES.LIST>
                        <ALLLEDGERENTRIES.LIST>
                            <LEDGERNAME>12101</LEDGERNAME>
                            <ISDEEMEDPOSITIVE>No</ISDEEMEDPOSITIVE>
                            <AMOUNT>095384.0000</AMOUNT>
                            <CATEGORYALLOCATIONS.LIST>
                                <CATEGORY>Primary Cost Category</CATEGORY>
                                <COSTCENTREALLOCATIONS.LIST>
                                    <NAME>SARA</NAME>
                                    <AMOUNT>095384.0000</AMOUNT>
                                </COSTCENTREALLOCATIONS.LIST>
                            </CATEGORYALLOCATIONS.LIST>
                        </ALLLEDGERENTRIES.LIST>
                        <ALLLEDGERENTRIES.LIST>
                            <LEDGERNAME>21101</LEDGERNAME>
                            <ISDEEMEDPOSITIVE>No</ISDEEMEDPOSITIVE>
                            <AMOUNT>013335.0000</AMOUNT>
                            <CATEGORYALLOCATIONS.LIST>
                                <CATEGORY>Primary Cost Category</CATEGORY>
                                <COSTCENTREALLOCATIONS.LIST>
                                    <NAME>SARA</NAME>
                                    <AMOUNT>013335.0000</AMOUNT>
                                </COSTCENTREALLOCATIONS.LIST>
                            </CATEGORYALLOCATIONS.LIST>
                        </ALLLEDGERENTRIES.LIST>
                        <ALLLEDGERENTRIES.LIST>
                            <LEDGERNAME>21102</LEDGERNAME>
                            <ISDEEMEDPOSITIVE>No</ISDEEMEDPOSITIVE>
                            <AMOUNT>001518.0000</AMOUNT>
                            <CATEGORYALLOCATIONS.LIST>
                                <CATEGORY>Primary Cost Category</CATEGORY>
                                <COSTCENTREALLOCATIONS.LIST>
                                    <NAME>SARA</NAME>
                                    <AMOUNT>001518.0000</AMOUNT>
                                </COSTCENTREALLOCATIONS.LIST>
                            </CATEGORYALLOCATIONS.LIST>
                        </ALLLEDGERENTRIES.LIST>
                        <ALLLEDGERENTRIES.LIST>
                            <LEDGERNAME>31101</LEDGERNAME>
                            <ISDEEMEDPOSITIVE>No</ISDEEMEDPOSITIVE>
                            <AMOUNT>016415.0000</AMOUNT>
                            <CATEGORYALLOCATIONS.LIST>
                                <CATEGORY>Primary Cost Category</CATEGORY>
                                <COSTCENTREALLOCATIONS.LIST>
                                    <NAME>SARA</NAME>
                                    <AMOUNT>016415.0000</AMOUNT>
                                </COSTCENTREALLOCATIONS.LIST>
                            </CATEGORYALLOCATIONS.LIST>
                        </ALLLEDGERENTRIES.LIST>
                        <ALLLEDGERENTRIES.LIST>
                            <LEDGERNAME>31201</LEDGERNAME>
                            <ISDEEMEDPOSITIVE>No</ISDEEMEDPOSITIVE>
                            <AMOUNT>010733.0000</AMOUNT>
                            <CATEGORYALLOCATIONS.LIST>
                                <CATEGORY>Primary Cost Category</CATEGORY>
                                <COSTCENTREALLOCATIONS.LIST>
                                    <NAME>SARA</NAME>
                                    <AMOUNT>010733.0000</AMOUNT>
                                </COSTCENTREALLOCATIONS.LIST>
                            </CATEGORYALLOCATIONS.LIST>
                        </ALLLEDGERENTRIES.LIST>
                    </VOUCHER>
                </TALLYMESSAGE>
                <TALLYMESSAGE xmlns:UDF="TallyUDF">
                    <VOUCHER VCHTYPE="Journal" ACTION="Create">
                        <DATE>20100204</DATE>
                        <VOUCHERTYPENAME>Journal</VOUCHERTYPENAME>
                        <NARRATION>Mifos - GL Interface 2010-10-02 to 2010-10-05.xml</NARRATION>
                        <ALLLEDGERENTRIES.LIST>
                            <LEDGERNAME>21101</LEDGERNAME>
                            <ISDEEMEDPOSITIVE>No</ISDEEMEDPOSITIVE>
                            <AMOUNT>000062.0000</AMOUNT>
                            <CATEGORYALLOCATIONS.LIST>
                                <CATEGORY>Primary Cost Category</CATEGORY>
                                <COSTCENTREALLOCATIONS.LIST>
                                    <NAME>SARA</NAME>
                                    <AMOUNT>000062.0000</AMOUNT>
                                </COSTCENTREALLOCATIONS.LIST>
                            </CATEGORYALLOCATIONS.LIST>
                        </ALLLEDGERENTRIES.LIST>
                        <ALLLEDGERENTRIES.LIST>
                            <LEDGERNAME>41101</LEDGERNAME>
                            <ISDEEMEDPOSITIVE>Yes</ISDEEMEDPOSITIVE>
                            <AMOUNT>-000062.0000</AMOUNT>
                            <CATEGORYALLOCATIONS.LIST>
                                <CATEGORY>Primary Cost Category</CATEGORY>
                                <COSTCENTREALLOCATIONS.LIST>
                                    <NAME>SARA</NAME>
                                    <AMOUNT>-000062.0000</AMOUNT>
                                </COSTCENTREALLOCATIONS.LIST>
                            </CATEGORYALLOCATIONS.LIST>
                        </ALLLEDGERENTRIES.LIST>
                    </VOUCHER>
                </TALLYMESSAGE>
                <TALLYMESSAGE xmlns:UDF="TallyUDF">
                    <VOUCHER VCHTYPE="Payment" ACTION="Create">
                        <DATE>20100204</DATE>
                        <VOUCHERTYPENAME>Payment</VOUCHERTYPENAME>
                        <NARRATION>Mifos - GL Interface 2010-10-02 to 2010-10-05.xml</NARRATION>
                        <ALLLEDGERENTRIES.LIST>
                            <LEDGERNAME>12101</LEDGERNAME>
                            <ISDEEMEDPOSITIVE>Yes</ISDEEMEDPOSITIVE>
                            <AMOUNT>-084500.0000</AMOUNT>
                            <CATEGORYALLOCATIONS.LIST>
                                <CATEGORY>Primary Cost Category</CATEGORY>
                                <COSTCENTREALLOCATIONS.LIST>
                                    <NAME>SARA</NAME>
                                    <AMOUNT>-084500.0000</AMOUNT>
                                </COSTCENTREALLOCATIONS.LIST>
                            </CATEGORYALLOCATIONS.LIST>
                        </ALLLEDGERENTRIES.LIST>
                        <ALLLEDGERENTRIES.LIST>
                            <LEDGERNAME>21101</LEDGERNAME>
                            <ISDEEMEDPOSITIVE>Yes</ISDEEMEDPOSITIVE>
                            <AMOUNT>-001184.0000</AMOUNT>
                            <CATEGORYALLOCATIONS.LIST>
                                <CATEGORY>Primary Cost Category</CATEGORY>
                                <COSTCENTREALLOCATIONS.LIST>
                                    <NAME>SARA</NAME>
                                    <AMOUNT>-001184.0000</AMOUNT>
                                </COSTCENTREALLOCATIONS.LIST>
                            </CATEGORYALLOCATIONS.LIST>
                        </ALLLEDGERENTRIES.LIST>
                        <ALLLEDGERENTRIES.LIST>
                            <LEDGERNAME>21102</LEDGERNAME>
                            <ISDEEMEDPOSITIVE>Yes</ISDEEMEDPOSITIVE>
                            <AMOUNT>-002841.0000</AMOUNT>
                            <CATEGORYALLOCATIONS.LIST>
                                <CATEGORY>Primary Cost Category</CATEGORY>
                                <COSTCENTREALLOCATIONS.LIST>
                                    <NAME>SARA</NAME>
                                    <AMOUNT>-002841.0000</AMOUNT>
                                </COSTCENTREALLOCATIONS.LIST>
                            </CATEGORYALLOCATIONS.LIST>
                        </ALLLEDGERENTRIES.LIST>
                        <ALLLEDGERENTRIES.LIST>
                            <LEDGERNAME>11201</LEDGERNAME>
                            <ISDEEMEDPOSITIVE>No</ISDEEMEDPOSITIVE>
                            <AMOUNT>088525.0000</AMOUNT>
                            <CATEGORYALLOCATIONS.LIST>
                                <CATEGORY>Primary Cost Category</CATEGORY>
                                <COSTCENTREALLOCATIONS.LIST>
                                    <NAME>SARA</NAME>
                                    <AMOUNT>088525.0000</AMOUNT>
                                </COSTCENTREALLOCATIONS.LIST>
                            </CATEGORYALLOCATIONS.LIST>
                        </ALLLEDGERENTRIES.LIST>
                    </VOUCHER>
                </TALLYMESSAGE>
                <TALLYMESSAGE xmlns:UDF="TallyUDF">
                    <VOUCHER VCHTYPE="Receipt" ACTION="Create">
                        <DATE>20100204</DATE>
                        <VOUCHERTYPENAME>Receipt</VOUCHERTYPENAME>
                        <NARRATION>Mifos - GL Interface 2010-10-02 to 2010-10-05.xml</NARRATION>
                        <ALLLEDGERENTRIES.LIST>
                            <LEDGERNAME>11201</LEDGERNAME>
                            <ISDEEMEDPOSITIVE>Yes</ISDEEMEDPOSITIVE>
                            <AMOUNT>-139013.0000</AMOUNT>
                            <CATEGORYALLOCATIONS.LIST>
                                <CATEGORY>Primary Cost Category</CATEGORY>
                                <COSTCENTREALLOCATIONS.LIST>
                                    <NAME>SARA</NAME>
                                    <AMOUNT>-139013.0000</AMOUNT>
                                </COSTCENTREALLOCATIONS.LIST>
                            </CATEGORYALLOCATIONS.LIST>
                        </ALLLEDGERENTRIES.LIST>
                        <ALLLEDGERENTRIES.LIST>
                            <LEDGERNAME>12101</LEDGERNAME>
                            <ISDEEMEDPOSITIVE>No</ISDEEMEDPOSITIVE>
                            <AMOUNT>100129.0000</AMOUNT>
                            <CATEGORYALLOCATIONS.LIST>
                                <CATEGORY>Primary Cost Category</CATEGORY>
                                <COSTCENTREALLOCATIONS.LIST>
                                    <NAME>SARA</NAME>
                                    <AMOUNT>100129.0000</AMOUNT>
                                </COSTCENTREALLOCATIONS.LIST>
                            </CATEGORYALLOCATIONS.LIST>
                        </ALLLEDGERENTRIES.LIST>
                        <ALLLEDGERENTRIES.LIST>
                            <LEDGERNAME>21101</LEDGERNAME>
                            <ISDEEMEDPOSITIVE>No</ISDEEMEDPOSITIVE>
                            <AMOUNT>010315.0000</AMOUNT>
                            <CATEGORYALLOCATIONS.LIST>
                                <CATEGORY>Primary Cost Category</CATEGORY>
                                <COSTCENTREALLOCATIONS.LIST>
                                    <NAME>SARA</NAME>
                                    <AMOUNT>010315.0000</AMOUNT>
                                </COSTCENTREALLOCATIONS.LIST>
                            </CATEGORYALLOCATIONS.LIST>
                        </ALLLEDGERENTRIES.LIST>
                        <ALLLEDGERENTRIES.LIST>
                            <LEDGERNAME>21102</LEDGERNAME>
                            <ISDEEMEDPOSITIVE>No</ISDEEMEDPOSITIVE>
                            <AMOUNT>002425.0000</AMOUNT>
                            <CATEGORYALLOCATIONS.LIST>
                                <CATEGORY>Primary Cost Category</CATEGORY>
                                <COSTCENTREALLOCATIONS.LIST>
                                    <NAME>SARA</NAME>
                                    <AMOUNT>002425.0000</AMOUNT>
                                </COSTCENTREALLOCATIONS.LIST>
                            </CATEGORYALLOCATIONS.LIST>
                        </ALLLEDGERENTRIES.LIST>
                        <ALLLEDGERENTRIES.LIST>
                            <LEDGERNAME>31101</LEDGERNAME>
                            <ISDEEMEDPOSITIVE>No</ISDEEMEDPOSITIVE>
                            <AMOUNT>016925.0000</AMOUNT>
                            <CATEGORYALLOCATIONS.LIST>
                                <CATEGORY>Primary Cost Category</CATEGORY>
                                <COSTCENTREALLOCATIONS.LIST>
                                    <NAME>SARA</NAME>
                                    <AMOUNT>016925.0000</AMOUNT>
                                </COSTCENTREALLOCATIONS.LIST>
                            </CATEGORYALLOCATIONS.LIST>
                        </ALLLEDGERENTRIES.LIST>
                        <ALLLEDGERENTRIES.LIST>
                            <LEDGERNAME>31201</LEDGERNAME>
                            <ISDEEMEDPOSITIVE>No</ISDEEMEDPOSITIVE>
                            <AMOUNT>009219.0000</AMOUNT>
                            <CATEGORYALLOCATIONS.LIST>
                                <CATEGORY>Primary Cost Category</CATEGORY>
                                <COSTCENTREALLOCATIONS.LIST>
                                    <NAME>SARA</NAME>
                                    <AMOUNT>009219.0000</AMOUNT>
                                </COSTCENTREALLOCATIONS.LIST>
                            </CATEGORYALLOCATIONS.LIST>
                        </ALLLEDGERENTRIES.LIST>
                    </VOUCHER>
                </TALLYMESSAGE>
                <TALLYMESSAGE xmlns:UDF="TallyUDF">
                    <VOUCHER VCHTYPE="Receipt" ACTION="Create">
                        <DATE>20100205</DATE>
                        <VOUCHERTYPENAME>Receipt</VOUCHERTYPENAME>
                        <NARRATION>Mifos - GL Interface 2010-10-02 to 2010-10-05.xml</NARRATION>
                        <ALLLEDGERENTRIES.LIST>
                            <LEDGERNAME>11201</LEDGERNAME>
                            <ISDEEMEDPOSITIVE>Yes</ISDEEMEDPOSITIVE>
                            <AMOUNT>-000250.0000</AMOUNT>
                            <CATEGORYALLOCATIONS.LIST>
                                <CATEGORY>Primary Cost Category</CATEGORY>
                                <COSTCENTREALLOCATIONS.LIST>
                                    <NAME>SARA</NAME>
                                    <AMOUNT>-000250.0000</AMOUNT>
                                </COSTCENTREALLOCATIONS.LIST>
                            </CATEGORYALLOCATIONS.LIST>
                        </ALLLEDGERENTRIES.LIST>
                        <ALLLEDGERENTRIES.LIST>
                            <LEDGERNAME>21101</LEDGERNAME>
                            <ISDEEMEDPOSITIVE>No</ISDEEMEDPOSITIVE>
                            <AMOUNT>000250.0000</AMOUNT>
                            <CATEGORYALLOCATIONS.LIST>
                                <CATEGORY>Primary Cost Category</CATEGORY>
                                <COSTCENTREALLOCATIONS.LIST>
                                    <NAME>SARA</NAME>
                                    <AMOUNT>000250.0000</AMOUNT>
                                </COSTCENTREALLOCATIONS.LIST>
                            </CATEGORYALLOCATIONS.LIST>
                        </ALLLEDGERENTRIES.LIST>
                    </VOUCHER>
                </TALLYMESSAGE>
                <TALLYMESSAGE xmlns:UDF="TallyUDF">
                    <VOUCHER VCHTYPE="Payment" ACTION="Create">
                        <DATE>20100208</DATE>
                        <VOUCHERTYPENAME>Payment</VOUCHERTYPENAME>
                        <NARRATION>Mifos - GL Interface 2010-10-02 to 2010-10-05.xml</NARRATION>
                        <ALLLEDGERENTRIES.LIST>
                            <LEDGERNAME>21101</LEDGERNAME>
                            <ISDEEMEDPOSITIVE>Yes</ISDEEMEDPOSITIVE>
                            <AMOUNT>-014327.0000</AMOUNT>
                            <CATEGORYALLOCATIONS.LIST>
                                <CATEGORY>Primary Cost Category</CATEGORY>
                                <COSTCENTREALLOCATIONS.LIST>
                                    <NAME>SARA</NAME>
                                    <AMOUNT>-014327.0000</AMOUNT>
                                </COSTCENTREALLOCATIONS.LIST>
                            </CATEGORYALLOCATIONS.LIST>
                        </ALLLEDGERENTRIES.LIST>
                        <ALLLEDGERENTRIES.LIST>
                            <LEDGERNAME>21102</LEDGERNAME>
                            <ISDEEMEDPOSITIVE>Yes</ISDEEMEDPOSITIVE>
                            <AMOUNT>-001524.0000</AMOUNT>
                            <CATEGORYALLOCATIONS.LIST>
                                <CATEGORY>Primary Cost Category</CATEGORY>
                                <COSTCENTREALLOCATIONS.LIST>
                                    <NAME>SARA</NAME>
                                    <AMOUNT>-001524.0000</AMOUNT>
                                </COSTCENTREALLOCATIONS.LIST>
                            </CATEGORYALLOCATIONS.LIST>
                        </ALLLEDGERENTRIES.LIST>
                        <ALLLEDGERENTRIES.LIST>
                            <LEDGERNAME>11201</LEDGERNAME>
                            <ISDEEMEDPOSITIVE>No</ISDEEMEDPOSITIVE>
                            <AMOUNT>015851.0000</AMOUNT>
                            <CATEGORYALLOCATIONS.LIST>
                                <CATEGORY>Primary Cost Category</CATEGORY>
                                <COSTCENTREALLOCATIONS.LIST>
                                    <NAME>SARA</NAME>
                                    <AMOUNT>015851.0000</AMOUNT>
                                </COSTCENTREALLOCATIONS.LIST>
                            </CATEGORYALLOCATIONS.LIST>
                        </ALLLEDGERENTRIES.LIST>
                    </VOUCHER>
                </TALLYMESSAGE>
                <TALLYMESSAGE xmlns:UDF="TallyUDF">
                    <VOUCHER VCHTYPE="Receipt" ACTION="Create">
                        <DATE>20100208</DATE>
                        <VOUCHERTYPENAME>Receipt</VOUCHERTYPENAME>
                        <NARRATION>Mifos - GL Interface 2010-10-02 to 2010-10-05.xml</NARRATION>
                        <ALLLEDGERENTRIES.LIST>
                            <LEDGERNAME>11201</LEDGERNAME>
                            <ISDEEMEDPOSITIVE>Yes</ISDEEMEDPOSITIVE>
                            <AMOUNT>-132859.0000</AMOUNT>
                            <CATEGORYALLOCATIONS.LIST>
                                <CATEGORY>Primary Cost Category</CATEGORY>
                                <COSTCENTREALLOCATIONS.LIST>
                                    <NAME>SARA</NAME>
                                    <AMOUNT>-132859.0000</AMOUNT>
                                </COSTCENTREALLOCATIONS.LIST>
                            </CATEGORYALLOCATIONS.LIST>
                        </ALLLEDGERENTRIES.LIST>
                        <ALLLEDGERENTRIES.LIST>
                            <LEDGERNAME>12101</LEDGERNAME>
                            <ISDEEMEDPOSITIVE>No</ISDEEMEDPOSITIVE>
                            <AMOUNT>100855.0000</AMOUNT>
                            <CATEGORYALLOCATIONS.LIST>
                                <CATEGORY>Primary Cost Category</CATEGORY>
                                <COSTCENTREALLOCATIONS.LIST>
                                    <NAME>SARA</NAME>
                                    <AMOUNT>100855.0000</AMOUNT>
                                </COSTCENTREALLOCATIONS.LIST>
                            </CATEGORYALLOCATIONS.LIST>
                        </ALLLEDGERENTRIES.LIST>
                        <ALLLEDGERENTRIES.LIST>
                            <LEDGERNAME>21101</LEDGERNAME>
                            <ISDEEMEDPOSITIVE>No</ISDEEMEDPOSITIVE>
                            <AMOUNT>007010.0000</AMOUNT>
                            <CATEGORYALLOCATIONS.LIST>
                                <CATEGORY>Primary Cost Category</CATEGORY>
                                <COSTCENTREALLOCATIONS.LIST>
                                    <NAME>SARA</NAME>
                                    <AMOUNT>007010.0000</AMOUNT>
                                </COSTCENTREALLOCATIONS.LIST>
                            </CATEGORYALLOCATIONS.LIST>
                        </ALLLEDGERENTRIES.LIST>
                        <ALLLEDGERENTRIES.LIST>
                            <LEDGERNAME>21102</LEDGERNAME>
                            <ISDEEMEDPOSITIVE>No</ISDEEMEDPOSITIVE>
                            <AMOUNT>001250.0000</AMOUNT>
                            <CATEGORYALLOCATIONS.LIST>
                                <CATEGORY>Primary Cost Category</CATEGORY>
                                <COSTCENTREALLOCATIONS.LIST>
                                    <NAME>SARA</NAME>
                                    <AMOUNT>001250.0000</AMOUNT>
                                </COSTCENTREALLOCATIONS.LIST>
                            </CATEGORYALLOCATIONS.LIST>
                        </ALLLEDGERENTRIES.LIST>
                        <ALLLEDGERENTRIES.LIST>
                            <LEDGERNAME>31101</LEDGERNAME>
                            <ISDEEMEDPOSITIVE>No</ISDEEMEDPOSITIVE>
                            <AMOUNT>017092.0000</AMOUNT>
                            <CATEGORYALLOCATIONS.LIST>
                                <CATEGORY>Primary Cost Category</CATEGORY>
                                <COSTCENTREALLOCATIONS.LIST>
                                    <NAME>SARA</NAME>
                                    <AMOUNT>017092.0000</AMOUNT>
                                </COSTCENTREALLOCATIONS.LIST>
                            </CATEGORYALLOCATIONS.LIST>
                        </ALLLEDGERENTRIES.LIST>
                        <ALLLEDGERENTRIES.LIST>
                            <LEDGERNAME>31201</LEDGERNAME>
                            <ISDEEMEDPOSITIVE>No</ISDEEMEDPOSITIVE>
                            <AMOUNT>006652.0000</AMOUNT>
                            <CATEGORYALLOCATIONS.LIST>
                                <CATEGORY>Primary Cost Category</CATEGORY>
                                <COSTCENTREALLOCATIONS.LIST>
                                    <NAME>SARA</NAME>
                                    <AMOUNT>006652.0000</AMOUNT>
                                </COSTCENTREALLOCATIONS.LIST>
                            </CATEGORYALLOCATIONS.LIST>
                        </ALLLEDGERENTRIES.LIST>
                    </VOUCHER>
                </TALLYMESSAGE>
                <TALLYMESSAGE xmlns:UDF="TallyUDF">
                    <VOUCHER VCHTYPE="Journal" ACTION="Create">
                        <DATE>20100209</DATE>
                        <VOUCHERTYPENAME>Journal</VOUCHERTYPENAME>
                        <NARRATION>Mifos - GL Interface 2010-10-02 to 2010-10-05.xml</NARRATION>
                        <ALLLEDGERENTRIES.LIST>
                            <LEDGERNAME>11201</LEDGERNAME>
                            <ISDEEMEDPOSITIVE>No</ISDEEMEDPOSITIVE>
                            <AMOUNT>000020.0000</AMOUNT>
                            <CATEGORYALLOCATIONS.LIST>
                                <CATEGORY>Primary Cost Category</CATEGORY>
                                <COSTCENTREALLOCATIONS.LIST>
                                    <NAME>SARA</NAME>
                                    <AMOUNT>000020.0000</AMOUNT>
                                </COSTCENTREALLOCATIONS.LIST>
                            </CATEGORYALLOCATIONS.LIST>
                        </ALLLEDGERENTRIES.LIST>
                        <ALLLEDGERENTRIES.LIST>
                            <LEDGERNAME>21101</LEDGERNAME>
                            <ISDEEMEDPOSITIVE>Yes</ISDEEMEDPOSITIVE>
                            <AMOUNT>-000020.0000</AMOUNT>
                            <CATEGORYALLOCATIONS.LIST>
                                <CATEGORY>Primary Cost Category</CATEGORY>
                                <COSTCENTREALLOCATIONS.LIST>
                                    <NAME>SARA</NAME>
                                    <AMOUNT>-000020.0000</AMOUNT>
                                </COSTCENTREALLOCATIONS.LIST>
                            </CATEGORYALLOCATIONS.LIST>
                        </ALLLEDGERENTRIES.LIST>
                    </VOUCHER>
                </TALLYMESSAGE>
                <TALLYMESSAGE xmlns:UDF="TallyUDF">
                    <VOUCHER VCHTYPE="Receipt" ACTION="Create">
                        <DATE>20100209</DATE>
                        <VOUCHERTYPENAME>Receipt</VOUCHERTYPENAME>
                        <NARRATION>Mifos - GL Interface 2010-10-02 to 2010-10-05.xml</NARRATION>
                        <ALLLEDGERENTRIES.LIST>
                            <LEDGERNAME>11201</LEDGERNAME>
                            <ISDEEMEDPOSITIVE>Yes</ISDEEMEDPOSITIVE>
                            <AMOUNT>-008730.0000</AMOUNT>
                            <CATEGORYALLOCATIONS.LIST>
                                <CATEGORY>Primary Cost Category</CATEGORY>
                                <COSTCENTREALLOCATIONS.LIST>
                                    <NAME>SARA</NAME>
                                    <AMOUNT>-008730.0000</AMOUNT>
                                </COSTCENTREALLOCATIONS.LIST>
                            </CATEGORYALLOCATIONS.LIST>
                        </ALLLEDGERENTRIES.LIST>
                        <ALLLEDGERENTRIES.LIST>
                            <LEDGERNAME>12101</LEDGERNAME>
                            <ISDEEMEDPOSITIVE>No</ISDEEMEDPOSITIVE>
                            <AMOUNT>006026.0000</AMOUNT>
                            <CATEGORYALLOCATIONS.LIST>
                                <CATEGORY>Primary Cost Category</CATEGORY>
                                <COSTCENTREALLOCATIONS.LIST>
                                    <NAME>SARA</NAME>
                                    <AMOUNT>006026.0000</AMOUNT>
                                </COSTCENTREALLOCATIONS.LIST>
                            </CATEGORYALLOCATIONS.LIST>
                        </ALLLEDGERENTRIES.LIST>
                        <ALLLEDGERENTRIES.LIST>
                            <LEDGERNAME>21101</LEDGERNAME>
                            <ISDEEMEDPOSITIVE>No</ISDEEMEDPOSITIVE>
                            <AMOUNT>000760.0000</AMOUNT>
                            <CATEGORYALLOCATIONS.LIST>
                                <CATEGORY>Primary Cost Category</CATEGORY>
                                <COSTCENTREALLOCATIONS.LIST>
                                    <NAME>SARA</NAME>
                                    <AMOUNT>000760.0000</AMOUNT>
                                </COSTCENTREALLOCATIONS.LIST>
                            </CATEGORYALLOCATIONS.LIST>
                        </ALLLEDGERENTRIES.LIST>
                        <ALLLEDGERENTRIES.LIST>
                            <LEDGERNAME>21102</LEDGERNAME>
                            <ISDEEMEDPOSITIVE>No</ISDEEMEDPOSITIVE>
                            <AMOUNT>000321.0000</AMOUNT>
                            <CATEGORYALLOCATIONS.LIST>
                                <CATEGORY>Primary Cost Category</CATEGORY>
                                <COSTCENTREALLOCATIONS.LIST>
                                    <NAME>SARA</NAME>
                                    <AMOUNT>000321.0000</AMOUNT>
                                </COSTCENTREALLOCATIONS.LIST>
                            </CATEGORYALLOCATIONS.LIST>
                        </ALLLEDGERENTRIES.LIST>
                        <ALLLEDGERENTRIES.LIST>
                            <LEDGERNAME>31101</LEDGERNAME>
                            <ISDEEMEDPOSITIVE>No</ISDEEMEDPOSITIVE>
                            <AMOUNT>000997.0000</AMOUNT>
                            <CATEGORYALLOCATIONS.LIST>
                                <CATEGORY>Primary Cost Category</CATEGORY>
                                <COSTCENTREALLOCATIONS.LIST>
                                    <NAME>SARA</NAME>
                                    <AMOUNT>000997.0000</AMOUNT>
                                </COSTCENTREALLOCATIONS.LIST>
                            </CATEGORYALLOCATIONS.LIST>
                        </ALLLEDGERENTRIES.LIST>
                        <ALLLEDGERENTRIES.LIST>
                            <LEDGERNAME>31201</LEDGERNAME>
                            <ISDEEMEDPOSITIVE>No</ISDEEMEDPOSITIVE>
                            <AMOUNT>000626.0000</AMOUNT>
                            <CATEGORYALLOCATIONS.LIST>
                                <CATEGORY>Primary Cost Category</CATEGORY>
                                <COSTCENTREALLOCATIONS.LIST>
                                    <NAME>SARA</NAME>
                                    <AMOUNT>000626.0000</AMOUNT>
                                </COSTCENTREALLOCATIONS.LIST>
                            </CATEGORYALLOCATIONS.LIST>
                        </ALLLEDGERENTRIES.LIST>
                    </VOUCHER>
                </TALLYMESSAGE>
                <TALLYMESSAGE xmlns:UDF="TallyUDF">
                    <VOUCHER VCHTYPE="Payment" ACTION="Create">
                        <DATE>20100210</DATE>
                        <VOUCHERTYPENAME>Payment</VOUCHERTYPENAME>
                        <NARRATION>Mifos - GL Interface 2010-10-02 to 2010-10-05.xml</NARRATION>
                        <ALLLEDGERENTRIES.LIST>
                            <LEDGERNAME>21101</LEDGERNAME>
                            <ISDEEMEDPOSITIVE>Yes</ISDEEMEDPOSITIVE>
                            <AMOUNT>-000260.0000</AMOUNT>
                            <CATEGORYALLOCATIONS.LIST>
                                <CATEGORY>Primary Cost Category</CATEGORY>
                                <COSTCENTREALLOCATIONS.LIST>
                                    <NAME>SARA</NAME>
                                    <AMOUNT>-000260.0000</AMOUNT>
                                </COSTCENTREALLOCATIONS.LIST>
                            </CATEGORYALLOCATIONS.LIST>
                        </ALLLEDGERENTRIES.LIST>
                        <ALLLEDGERENTRIES.LIST>
                            <LEDGERNAME>11201</LEDGERNAME>
                            <ISDEEMEDPOSITIVE>No</ISDEEMEDPOSITIVE>
                            <AMOUNT>000260.0000</AMOUNT>
                            <CATEGORYALLOCATIONS.LIST>
                                <CATEGORY>Primary Cost Category</CATEGORY>
                                <COSTCENTREALLOCATIONS.LIST>
                                    <NAME>SARA</NAME>
                                    <AMOUNT>000260.0000</AMOUNT>
                                </COSTCENTREALLOCATIONS.LIST>
                            </CATEGORYALLOCATIONS.LIST>
                        </ALLLEDGERENTRIES.LIST>
                    </VOUCHER>
                </TALLYMESSAGE>
                <TALLYMESSAGE xmlns:UDF="TallyUDF">
                    <VOUCHER VCHTYPE="Receipt" ACTION="Create">
                        <DATE>20100210</DATE>
                        <VOUCHERTYPENAME>Receipt</VOUCHERTYPENAME>
                        <NARRATION>Mifos - GL Interface 2010-10-02 to 2010-10-05.xml</NARRATION>
                        <ALLLEDGERENTRIES.LIST>
                            <LEDGERNAME>11201</LEDGERNAME>
                            <ISDEEMEDPOSITIVE>Yes</ISDEEMEDPOSITIVE>
                            <AMOUNT>-000444.0000</AMOUNT>
                            <CATEGORYALLOCATIONS.LIST>
                                <CATEGORY>Primary Cost Category</CATEGORY>
                                <COSTCENTREALLOCATIONS.LIST>
                                    <NAME>SARA</NAME>
                                    <AMOUNT>-000444.0000</AMOUNT>
                                </COSTCENTREALLOCATIONS.LIST>
                            </CATEGORYALLOCATIONS.LIST>
                        </ALLLEDGERENTRIES.LIST>
                        <ALLLEDGERENTRIES.LIST>
                            <LEDGERNAME>21101</LEDGERNAME>
                            <ISDEEMEDPOSITIVE>No</ISDEEMEDPOSITIVE>
                            <AMOUNT>000400.0000</AMOUNT>
                            <CATEGORYALLOCATIONS.LIST>
                                <CATEGORY>Primary Cost Category</CATEGORY>
                                <COSTCENTREALLOCATIONS.LIST>
                                    <NAME>SARA</NAME>
                                    <AMOUNT>000400.0000</AMOUNT>
                                </COSTCENTREALLOCATIONS.LIST>
                            </CATEGORYALLOCATIONS.LIST>
                        </ALLLEDGERENTRIES.LIST>
                        <ALLLEDGERENTRIES.LIST>
                            <LEDGERNAME>21102</LEDGERNAME>
                            <ISDEEMEDPOSITIVE>No</ISDEEMEDPOSITIVE>
                            <AMOUNT>000044.0000</AMOUNT>
                            <CATEGORYALLOCATIONS.LIST>
                                <CATEGORY>Primary Cost Category</CATEGORY>
                                <COSTCENTREALLOCATIONS.LIST>
                                    <NAME>SARA</NAME>
                                    <AMOUNT>000044.0000</AMOUNT>
                                </COSTCENTREALLOCATIONS.LIST>
                            </CATEGORYALLOCATIONS.LIST>
                        </ALLLEDGERENTRIES.LIST>
                    </VOUCHER>
                </TALLYMESSAGE>
            </REQUESTDATA>
        </IMPORTDATA>
    </BODY>
</ENVELOPE>