<ENVELOPE>
 <HEADER>
  <TALLYREQUEST>Import Data</TALLYREQUEST>
 </HEADER>
 <BODY>
  <IMPORTDATA>
   <REQUESTDESC>
    <REPORTNAME>All Masters</REPORTNAME>
    <STATICVARIABLES>
     <SVCURRENTCOMPANY>HEAD OFFICE</SVCURRENTCOMPANY>
    </STATICVARIABLES>
   </REQUESTDESC>
   <REQUESTDATA>
    <TALLYMESSAGE xmlns:UDF="TallyUDF">
     <VOUCHER VCHTYPE="Payment" ACTION="Create">
      <DATE>20091208</DATE>
      <VOUCHERTYPENAME>Payment</VOUCHERTYPENAME>
      <NARRATION>Mifos Accounting Export 2010-08-10 to 2010-08-10.xml</NARRATION>
      <ALLLEDGERENTRIES.LIST>
       <LEDGERNAME>11201</LEDGERNAME>
       <ISDEEMEDPOSITIVE>Yes</ISDEEMEDPOSITIVE>
       <AMOUNT>-0.0</AMOUNT>
       <CATEGORYALLOCATIONS.LIST>
        <CATEGORY>Primary Cost Category</CATEGORY>
        <COSTCENTREALLOCATIONS.LIST>
         <NAME>office-2</NAME>
         <AMOUNT>-0.0</AMOUNT>
        </COSTCENTREALLOCATIONS.LIST>
       </CATEGORYALLOCATIONS.LIST>
      </ALLLEDGERENTRIES.LIST>
      <ALLLEDGERENTRIES.LIST>
       <LEDGERNAME>21102</LEDGERNAME>
       <ISDEEMEDPOSITIVE>Yes</ISDEEMEDPOSITIVE>
       <AMOUNT>-100.0</AMOUNT>
       <CATEGORYALLOCATIONS.LIST>
        <CATEGORY>Primary Cost Category</CATEGORY>
        <COSTCENTREALLOCATIONS.LIST>
         <NAME>office-2</NAME>
         <AMOUNT>-100.0</AMOUNT>
        </COSTCENTREALLOCATIONS.LIST>
       </CATEGORYALLOCATIONS.LIST>
      </ALLLEDGERENTRIES.LIST>
      <ALLLEDGERENTRIES.LIST>
       <LEDGERNAME>11201</LEDGERNAME>
       <ISDEEMEDPOSITIVE>No</ISDEEMEDPOSITIVE>
       <AMOUNT>100.0</AMOUNT>
       <CATEGORYALLOCATIONS.LIST>
        <CATEGORY>Primary Cost Category</CATEGORY>
        <COSTCENTREALLOCATIONS.LIST>
         <NAME>office-2</NAME>
         <AMOUNT>100.0</AMOUNT>
        </COSTCENTREALLOCATIONS.LIST>
       </CATEGORYALLOCATIONS.LIST>
      </ALLLEDGERENTRIES.LIST>
      <ALLLEDGERENTRIES.LIST>
       <LEDGERNAME>21102</LEDGERNAME>
       <ISDEEMEDPOSITIVE>No</ISDEEMEDPOSITIVE>
       <AMOUNT>0.0</AMOUNT>
       <CATEGORYALLOCATIONS.LIST>
        <CATEGORY>Primary Cost Category</CATEGORY>
        <COSTCENTREALLOCATIONS.LIST>
         <NAME>office-2</NAME>
         <AMOUNT>0.0</AMOUNT>
        </COSTCENTREALLOCATIONS.LIST>
       </CATEGORYALLOCATIONS.LIST>
      </ALLLEDGERENTRIES.LIST>
     </VOUCHER>
    </TALLYMESSAGE>
    <TALLYMESSAGE xmlns:UDF="TallyUDF">
     <VOUCHER VCHTYPE="Receipt" ACTION="Create">
      <DATE>20091208</DATE>
      <VOUCHERTYPENAME>Receipt</VOUCHERTYPENAME>
      <NARRATION>Mifos Accounting Export 2010-08-10 to 2010-08-10.xml</NARRATION>
      <ALLLEDGERENTRIES.LIST>
       <LEDGERNAME>11201</LEDGERNAME>
       <ISDEEMEDPOSITIVE>No</ISDEEMEDPOSITIVE>
       <AMOUNT>0.0</AMOUNT>
       <CATEGORYALLOCATIONS.LIST>
        <CATEGORY>Primary Cost Category</CATEGORY>
        <COSTCENTREALLOCATIONS.LIST>
         <NAME>office-2</NAME>
         <AMOUNT>0.0</AMOUNT>
        </COSTCENTREALLOCATIONS.LIST>
       </CATEGORYALLOCATIONS.LIST>
      </ALLLEDGERENTRIES.LIST>
      <ALLLEDGERENTRIES.LIST>
       <LEDGERNAME>11201</LEDGERNAME>
       <ISDEEMEDPOSITIVE>Yes</ISDEEMEDPOSITIVE>
       <AMOUNT>-7513.0</AMOUNT>
       <CATEGORYALLOCATIONS.LIST>
        <CATEGORY>Primary Cost Category</CATEGORY>
        <COSTCENTREALLOCATIONS.LIST>
         <NAME>office-2</NAME>
         <AMOUNT>-7513.0</AMOUNT>
        </COSTCENTREALLOCATIONS.LIST>
       </CATEGORYALLOCATIONS.LIST>
      </ALLLEDGERENTRIES.LIST>
      <ALLLEDGERENTRIES.LIST>
       <LEDGERNAME>12101</LEDGERNAME>
       <ISDEEMEDPOSITIVE>No</ISDEEMEDPOSITIVE>
       <AMOUNT>5792.0</AMOUNT>
       <CATEGORYALLOCATIONS.LIST>
        <CATEGORY>Primary Cost Category</CATEGORY>
        <COSTCENTREALLOCATIONS.LIST>
         <NAME>office-2</NAME>
         <AMOUNT>5792.0</AMOUNT>
        </COSTCENTREALLOCATIONS.LIST>
       </CATEGORYALLOCATIONS.LIST>
      </ALLLEDGERENTRIES.LIST>
      <ALLLEDGERENTRIES.LIST>
       <LEDGERNAME>12101</LEDGERNAME>
       <ISDEEMEDPOSITIVE>Yes</ISDEEMEDPOSITIVE>
       <AMOUNT>-0.0</AMOUNT>
       <CATEGORYALLOCATIONS.LIST>
        <CATEGORY>Primary Cost Category</CATEGORY>
        <COSTCENTREALLOCATIONS.LIST>
         <NAME>office-2</NAME>
         <AMOUNT>-0.0</AMOUNT>
        </COSTCENTREALLOCATIONS.LIST>
       </CATEGORYALLOCATIONS.LIST>
      </ALLLEDGERENTRIES.LIST>
      <ALLLEDGERENTRIES.LIST>
       <LEDGERNAME>21101</LEDGERNAME>
       <ISDEEMEDPOSITIVE>No</ISDEEMEDPOSITIVE>
       <AMOUNT>300.0</AMOUNT>
       <CATEGORYALLOCATIONS.LIST>
        <CATEGORY>Primary Cost Category</CATEGORY>
        <COSTCENTREALLOCATIONS.LIST>
         <NAME>office-2</NAME>
         <AMOUNT>300.0</AMOUNT>
        </COSTCENTREALLOCATIONS.LIST>
       </CATEGORYALLOCATIONS.LIST>
      </ALLLEDGERENTRIES.LIST>
      <ALLLEDGERENTRIES.LIST>
       <LEDGERNAME>21101</LEDGERNAME>
       <ISDEEMEDPOSITIVE>Yes</ISDEEMEDPOSITIVE>
       <AMOUNT>-0.0</AMOUNT>
       <CATEGORYALLOCATIONS.LIST>
        <CATEGORY>Primary Cost Category</CATEGORY>
        <COSTCENTREALLOCATIONS.LIST>
         <NAME>office-2</NAME>
         <AMOUNT>-0.0</AMOUNT>
        </COSTCENTREALLOCATIONS.LIST>
       </CATEGORYALLOCATIONS.LIST>
      </ALLLEDGERENTRIES.LIST>
      <ALLLEDGERENTRIES.LIST>
       <LEDGERNAME>21102</LEDGERNAME>
       <ISDEEMEDPOSITIVE>No</ISDEEMEDPOSITIVE>
       <AMOUNT>8.0</AMOUNT>
       <CATEGORYALLOCATIONS.LIST>
        <CATEGORY>Primary Cost Category</CATEGORY>
        <COSTCENTREALLOCATIONS.LIST>
         <NAME>office-2</NAME>
         <AMOUNT>8.0</AMOUNT>
        </COSTCENTREALLOCATIONS.LIST>
       </CATEGORYALLOCATIONS.LIST>
      </ALLLEDGERENTRIES.LIST>
      <ALLLEDGERENTRIES.LIST>
       <LEDGERNAME>21102</LEDGERNAME>
       <ISDEEMEDPOSITIVE>Yes</ISDEEMEDPOSITIVE>
       <AMOUNT>-0.0</AMOUNT>
       <CATEGORYALLOCATIONS.LIST>
        <CATEGORY>Primary Cost Category</CATEGORY>
        <COSTCENTREALLOCATIONS.LIST>
         <NAME>office-2</NAME>
         <AMOUNT>-0.0</AMOUNT>
        </COSTCENTREALLOCATIONS.LIST>
       </CATEGORYALLOCATIONS.LIST>
      </ALLLEDGERENTRIES.LIST>
      <ALLLEDGERENTRIES.LIST>
       <LEDGERNAME>31101</LEDGERNAME>
       <ISDEEMEDPOSITIVE>No</ISDEEMEDPOSITIVE>
       <AMOUNT>1049.0</AMOUNT>
       <CATEGORYALLOCATIONS.LIST>
        <CATEGORY>Primary Cost Category</CATEGORY>
        <COSTCENTREALLOCATIONS.LIST>
         <NAME>office-2</NAME>
         <AMOUNT>1049.0</AMOUNT>
        </COSTCENTREALLOCATIONS.LIST>
       </CATEGORYALLOCATIONS.LIST>
      </ALLLEDGERENTRIES.LIST>
      <ALLLEDGERENTRIES.LIST>
       <LEDGERNAME>31101</LEDGERNAME>
       <ISDEEMEDPOSITIVE>Yes</ISDEEMEDPOSITIVE>
       <AMOUNT>-0.0</AMOUNT>
       <CATEGORYALLOCATIONS.LIST>
        <CATEGORY>Primary Cost Category</CATEGORY>
        <COSTCENTREALLOCATIONS.LIST>
         <NAME>office-2</NAME>
         <AMOUNT>-0.0</AMOUNT>
        </COSTCENTREALLOCATIONS.LIST>
       </CATEGORYALLOCATIONS.LIST>
      </ALLLEDGERENTRIES.LIST>
      <ALLLEDGERENTRIES.LIST>
       <LEDGERNAME>31201</LEDGERNAME>
       <ISDEEMEDPOSITIVE>No</ISDEEMEDPOSITIVE>
       <AMOUNT>364.0</AMOUNT>
       <CATEGORYALLOCATIONS.LIST>
        <CATEGORY>Primary Cost Category</CATEGORY>
        <COSTCENTREALLOCATIONS.LIST>
         <NAME>office-2</NAME>
         <AMOUNT>364.0</AMOUNT>
        </COSTCENTREALLOCATIONS.LIST>
       </CATEGORYALLOCATIONS.LIST>
      </ALLLEDGERENTRIES.LIST>
      <ALLLEDGERENTRIES.LIST>
       <LEDGERNAME>31201</LEDGERNAME>
       <ISDEEMEDPOSITIVE>Yes</ISDEEMEDPOSITIVE>
       <AMOUNT>-0.0</AMOUNT>
       <CATEGORYALLOCATIONS.LIST>
        <CATEGORY>Primary Cost Category</CATEGORY>
        <COSTCENTREALLOCATIONS.LIST>
         <NAME>office-2</NAME>
         <AMOUNT>-0.0</AMOUNT>
        </COSTCENTREALLOCATIONS.LIST>
       </CATEGORYALLOCATIONS.LIST>
      </ALLLEDGERENTRIES.LIST>
     </VOUCHER>
    </TALLYMESSAGE>
    <TALLYMESSAGE xmlns:UDF="TallyUDF">
     <VOUCHER VCHTYPE="Payment" ACTION="Create">
      <DATE>20091208</DATE>
      <VOUCHERTYPENAME>Payment</VOUCHERTYPENAME>
      <NARRATION>Mifos Accounting Export 2010-08-10 to 2010-08-10.xml</NARRATION>
      <ALLLEDGERENTRIES.LIST>
       <LEDGERNAME>11201</LEDGERNAME>
       <ISDEEMEDPOSITIVE>Yes</ISDEEMEDPOSITIVE>
       <AMOUNT>-0.0</AMOUNT>
       <CATEGORYALLOCATIONS.LIST>
        <CATEGORY>Primary Cost Category</CATEGORY>
        <COSTCENTREALLOCATIONS.LIST>
         <NAME>office-2</NAME>
         <AMOUNT>-0.0</AMOUNT>
        </COSTCENTREALLOCATIONS.LIST>
       </CATEGORYALLOCATIONS.LIST>
      </ALLLEDGERENTRIES.LIST>
      <ALLLEDGERENTRIES.LIST>
       <LEDGERNAME>21102</LEDGERNAME>
       <ISDEEMEDPOSITIVE>Yes</ISDEEMEDPOSITIVE>
       <AMOUNT>-520.0</AMOUNT>
       <CATEGORYALLOCATIONS.LIST>
        <CATEGORY>Primary Cost Category</CATEGORY>
        <COSTCENTREALLOCATIONS.LIST>
         <NAME>office-2</NAME>
         <AMOUNT>-520.0</AMOUNT>
        </COSTCENTREALLOCATIONS.LIST>
       </CATEGORYALLOCATIONS.LIST>
      </ALLLEDGERENTRIES.LIST>
      <ALLLEDGERENTRIES.LIST>
       <LEDGERNAME>11201</LEDGERNAME>
       <ISDEEMEDPOSITIVE>No</ISDEEMEDPOSITIVE>
       <AMOUNT>520.0</AMOUNT>
       <CATEGORYALLOCATIONS.LIST>
        <CATEGORY>Primary Cost Category</CATEGORY>
        <COSTCENTREALLOCATIONS.LIST>
         <NAME>office-2</NAME>
         <AMOUNT>520.0</AMOUNT>
        </COSTCENTREALLOCATIONS.LIST>
       </CATEGORYALLOCATIONS.LIST>
      </ALLLEDGERENTRIES.LIST>
      <ALLLEDGERENTRIES.LIST>
       <LEDGERNAME>21102</LEDGERNAME>
       <ISDEEMEDPOSITIVE>No</ISDEEMEDPOSITIVE>
       <AMOUNT>0.0</AMOUNT>
       <CATEGORYALLOCATIONS.LIST>
        <CATEGORY>Primary Cost Category</CATEGORY>
        <COSTCENTREALLOCATIONS.LIST>
         <NAME>office-2</NAME>
         <AMOUNT>0.0</AMOUNT>
        </COSTCENTREALLOCATIONS.LIST>
       </CATEGORYALLOCATIONS.LIST>
      </ALLLEDGERENTRIES.LIST>
     </VOUCHER>
    </TALLYMESSAGE>
    <TALLYMESSAGE xmlns:UDF="TallyUDF">
     <VOUCHER VCHTYPE="Receipt" ACTION="Create">
      <DATE>20091208</DATE>
      <VOUCHERTYPENAME>Receipt</VOUCHERTYPENAME>
      <NARRATION>Mifos Accounting Export 2010-08-10 to 2010-08-10.xml</NARRATION>
      <ALLLEDGERENTRIES.LIST>
       <LEDGERNAME>11201</LEDGERNAME>
       <ISDEEMEDPOSITIVE>No</ISDEEMEDPOSITIVE>
       <AMOUNT>0.0</AMOUNT>
       <CATEGORYALLOCATIONS.LIST>
        <CATEGORY>Primary Cost Category</CATEGORY>
        <COSTCENTREALLOCATIONS.LIST>
         <NAME>office-2</NAME>
         <AMOUNT>0.0</AMOUNT>
        </COSTCENTREALLOCATIONS.LIST>
       </CATEGORYALLOCATIONS.LIST>
      </ALLLEDGERENTRIES.LIST>
      <ALLLEDGERENTRIES.LIST>
       <LEDGERNAME>11201</LEDGERNAME>
       <ISDEEMEDPOSITIVE>Yes</ISDEEMEDPOSITIVE>
       <AMOUNT>-44630.0</AMOUNT>
       <CATEGORYALLOCATIONS.LIST>
        <CATEGORY>Primary Cost Category</CATEGORY>
        <COSTCENTREALLOCATIONS.LIST>
         <NAME>office-2</NAME>
         <AMOUNT>-44630.0</AMOUNT>
        </COSTCENTREALLOCATIONS.LIST>
       </CATEGORYALLOCATIONS.LIST>
      </ALLLEDGERENTRIES.LIST>
      <ALLLEDGERENTRIES.LIST>
       <LEDGERNAME>12101</LEDGERNAME>
       <ISDEEMEDPOSITIVE>No</ISDEEMEDPOSITIVE>
       <AMOUNT>34042.0</AMOUNT>
       <CATEGORYALLOCATIONS.LIST>
        <CATEGORY>Primary Cost Category</CATEGORY>
        <COSTCENTREALLOCATIONS.LIST>
         <NAME>office-2</NAME>
         <AMOUNT>34042.0</AMOUNT>
        </COSTCENTREALLOCATIONS.LIST>
       </CATEGORYALLOCATIONS.LIST>
      </ALLLEDGERENTRIES.LIST>
      <ALLLEDGERENTRIES.LIST>
       <LEDGERNAME>12101</LEDGERNAME>
       <ISDEEMEDPOSITIVE>Yes</ISDEEMEDPOSITIVE>
       <AMOUNT>-0.0</AMOUNT>
       <CATEGORYALLOCATIONS.LIST>
        <CATEGORY>Primary Cost Category</CATEGORY>
        <COSTCENTREALLOCATIONS.LIST>
         <NAME>office-2</NAME>
         <AMOUNT>-0.0</AMOUNT>
        </COSTCENTREALLOCATIONS.LIST>
       </CATEGORYALLOCATIONS.LIST>
      </ALLLEDGERENTRIES.LIST>
      <ALLLEDGERENTRIES.LIST>
       <LEDGERNAME>21101</LEDGERNAME>
       <ISDEEMEDPOSITIVE>No</ISDEEMEDPOSITIVE>
       <AMOUNT>1800.0</AMOUNT>
       <CATEGORYALLOCATIONS.LIST>
        <CATEGORY>Primary Cost Category</CATEGORY>
        <COSTCENTREALLOCATIONS.LIST>
         <NAME>office-2</NAME>
         <AMOUNT>1800.0</AMOUNT>
        </COSTCENTREALLOCATIONS.LIST>
       </CATEGORYALLOCATIONS.LIST>
      </ALLLEDGERENTRIES.LIST>
      <ALLLEDGERENTRIES.LIST>
       <LEDGERNAME>21101</LEDGERNAME>
       <ISDEEMEDPOSITIVE>Yes</ISDEEMEDPOSITIVE>
       <AMOUNT>-0.0</AMOUNT>
       <CATEGORYALLOCATIONS.LIST>
        <CATEGORY>Primary Cost Category</CATEGORY>
        <COSTCENTREALLOCATIONS.LIST>
         <NAME>office-2</NAME>
         <AMOUNT>-0.0</AMOUNT>
        </COSTCENTREALLOCATIONS.LIST>
       </CATEGORYALLOCATIONS.LIST>
      </ALLLEDGERENTRIES.LIST>
      <ALLLEDGERENTRIES.LIST>
       <LEDGERNAME>21102</LEDGERNAME>
       <ISDEEMEDPOSITIVE>No</ISDEEMEDPOSITIVE>
       <AMOUNT>456.0</AMOUNT>
       <CATEGORYALLOCATIONS.LIST>
        <CATEGORY>Primary Cost Category</CATEGORY>
        <COSTCENTREALLOCATIONS.LIST>
         <NAME>office-2</NAME>
         <AMOUNT>456.0</AMOUNT>
        </COSTCENTREALLOCATIONS.LIST>
       </CATEGORYALLOCATIONS.LIST>
      </ALLLEDGERENTRIES.LIST>
      <ALLLEDGERENTRIES.LIST>
       <LEDGERNAME>21102</LEDGERNAME>
       <ISDEEMEDPOSITIVE>Yes</ISDEEMEDPOSITIVE>
       <AMOUNT>-0.0</AMOUNT>
       <CATEGORYALLOCATIONS.LIST>
        <CATEGORY>Primary Cost Category</CATEGORY>
        <COSTCENTREALLOCATIONS.LIST>
         <NAME>office-2</NAME>
         <AMOUNT>-0.0</AMOUNT>
        </COSTCENTREALLOCATIONS.LIST>
       </CATEGORYALLOCATIONS.LIST>
      </ALLLEDGERENTRIES.LIST>
      <ALLLEDGERENTRIES.LIST>
       <LEDGERNAME>31101</LEDGERNAME>
       <ISDEEMEDPOSITIVE>No</ISDEEMEDPOSITIVE>
       <AMOUNT>6416.0</AMOUNT>
       <CATEGORYALLOCATIONS.LIST>
        <CATEGORY>Primary Cost Category</CATEGORY>
        <COSTCENTREALLOCATIONS.LIST>
         <NAME>office-2</NAME>
         <AMOUNT>6416.0</AMOUNT>
        </COSTCENTREALLOCATIONS.LIST>
       </CATEGORYALLOCATIONS.LIST>
      </ALLLEDGERENTRIES.LIST>
      <ALLLEDGERENTRIES.LIST>
       <LEDGERNAME>31101</LEDGERNAME>
       <ISDEEMEDPOSITIVE>Yes</ISDEEMEDPOSITIVE>
       <AMOUNT>-0.0</AMOUNT>
       <CATEGORYALLOCATIONS.LIST>
        <CATEGORY>Primary Cost Category</CATEGORY>
        <COSTCENTREALLOCATIONS.LIST>
         <NAME>office-2</NAME>
         <AMOUNT>-0.0</AMOUNT>
        </COSTCENTREALLOCATIONS.LIST>
       </CATEGORYALLOCATIONS.LIST>
      </ALLLEDGERENTRIES.LIST>
      <ALLLEDGERENTRIES.LIST>
       <LEDGERNAME>31201</LEDGERNAME>
       <ISDEEMEDPOSITIVE>No</ISDEEMEDPOSITIVE>
       <AMOUNT>1916.0</AMOUNT>
       <CATEGORYALLOCATIONS.LIST>
        <CATEGORY>Primary Cost Category</CATEGORY>
        <COSTCENTREALLOCATIONS.LIST>
         <NAME>office-2</NAME>
         <AMOUNT>1916.0</AMOUNT>
        </COSTCENTREALLOCATIONS.LIST>
       </CATEGORYALLOCATIONS.LIST>
      </ALLLEDGERENTRIES.LIST>
      <ALLLEDGERENTRIES.LIST>
       <LEDGERNAME>31201</LEDGERNAME>
       <ISDEEMEDPOSITIVE>Yes</ISDEEMEDPOSITIVE>
       <AMOUNT>-0.0</AMOUNT>
       <CATEGORYALLOCATIONS.LIST>
        <CATEGORY>Primary Cost Category</CATEGORY>
        <COSTCENTREALLOCATIONS.LIST>
         <NAME>office-2</NAME>
         <AMOUNT>-0.0</AMOUNT>
        </COSTCENTREALLOCATIONS.LIST>
       </CATEGORYALLOCATIONS.LIST>
      </ALLLEDGERENTRIES.LIST>
     </VOUCHER>
    </TALLYMESSAGE>
    <TALLYMESSAGE xmlns:UDF="TallyUDF">
     <VOUCHER VCHTYPE="Payment" ACTION="Create">
      <DATE>20091208</DATE>
      <VOUCHERTYPENAME>Payment</VOUCHERTYPENAME>
      <NARRATION>Mifos Accounting Export 2010-08-10 to 2010-08-10.xml</NARRATION>
      <ALLLEDGERENTRIES.LIST>
       <LEDGERNAME>11201</LEDGERNAME>
       <ISDEEMEDPOSITIVE>Yes</ISDEEMEDPOSITIVE>
       <AMOUNT>-0.0</AMOUNT>
       <CATEGORYALLOCATIONS.LIST>
        <CATEGORY>Primary Cost Category</CATEGORY>
        <COSTCENTREALLOCATIONS.LIST>
         <NAME>office-2</NAME>
         <AMOUNT>-0.0</AMOUNT>
        </COSTCENTREALLOCATIONS.LIST>
       </CATEGORYALLOCATIONS.LIST>
      </ALLLEDGERENTRIES.LIST>
      <ALLLEDGERENTRIES.LIST>
       <LEDGERNAME>21102</LEDGERNAME>
       <ISDEEMEDPOSITIVE>Yes</ISDEEMEDPOSITIVE>
       <AMOUNT>-381.0</AMOUNT>
       <CATEGORYALLOCATIONS.LIST>
        <CATEGORY>Primary Cost Category</CATEGORY>
        <COSTCENTREALLOCATIONS.LIST>
         <NAME>office-2</NAME>
         <AMOUNT>-381.0</AMOUNT>
        </COSTCENTREALLOCATIONS.LIST>
       </CATEGORYALLOCATIONS.LIST>
      </ALLLEDGERENTRIES.LIST>
      <ALLLEDGERENTRIES.LIST>
       <LEDGERNAME>11201</LEDGERNAME>
       <ISDEEMEDPOSITIVE>No</ISDEEMEDPOSITIVE>
       <AMOUNT>381.0</AMOUNT>
       <CATEGORYALLOCATIONS.LIST>
        <CATEGORY>Primary Cost Category</CATEGORY>
        <COSTCENTREALLOCATIONS.LIST>
         <NAME>office-2</NAME>
         <AMOUNT>381.0</AMOUNT>
        </COSTCENTREALLOCATIONS.LIST>
       </CATEGORYALLOCATIONS.LIST>
      </ALLLEDGERENTRIES.LIST>
      <ALLLEDGERENTRIES.LIST>
       <LEDGERNAME>21102</LEDGERNAME>
       <ISDEEMEDPOSITIVE>No</ISDEEMEDPOSITIVE>
       <AMOUNT>0.0</AMOUNT>
       <CATEGORYALLOCATIONS.LIST>
        <CATEGORY>Primary Cost Category</CATEGORY>
        <COSTCENTREALLOCATIONS.LIST>
         <NAME>office-2</NAME>
         <AMOUNT>0.0</AMOUNT>
        </COSTCENTREALLOCATIONS.LIST>
       </CATEGORYALLOCATIONS.LIST>
      </ALLLEDGERENTRIES.LIST>
     </VOUCHER>
    </TALLYMESSAGE>
    <TALLYMESSAGE xmlns:UDF="TallyUDF">
     <VOUCHER VCHTYPE="Payment" ACTION="Create">
      <DATE>20091208</DATE>
      <VOUCHERTYPENAME>Payment</VOUCHERTYPENAME>
      <NARRATION>Mifos Accounting Export 2010-08-10 to 2010-08-10.xml</NARRATION>
      <ALLLEDGERENTRIES.LIST>
       <LEDGERNAME>11201</LEDGERNAME>
       <ISDEEMEDPOSITIVE>Yes</ISDEEMEDPOSITIVE>
       <AMOUNT>-0.0</AMOUNT>
       <CATEGORYALLOCATIONS.LIST>
        <CATEGORY>Primary Cost Category</CATEGORY>
        <COSTCENTREALLOCATIONS.LIST>
         <NAME>office-3</NAME>
         <AMOUNT>-0.0</AMOUNT>
        </COSTCENTREALLOCATIONS.LIST>
       </CATEGORYALLOCATIONS.LIST>
      </ALLLEDGERENTRIES.LIST>
      <ALLLEDGERENTRIES.LIST>
       <LEDGERNAME>12101</LEDGERNAME>
       <ISDEEMEDPOSITIVE>Yes</ISDEEMEDPOSITIVE>
       <AMOUNT>-10000.0</AMOUNT>
       <CATEGORYALLOCATIONS.LIST>
        <CATEGORY>Primary Cost Category</CATEGORY>
        <COSTCENTREALLOCATIONS.LIST>
         <NAME>office-3</NAME>
         <AMOUNT>-10000.0</AMOUNT>
        </COSTCENTREALLOCATIONS.LIST>
       </CATEGORYALLOCATIONS.LIST>
      </ALLLEDGERENTRIES.LIST>
      <ALLLEDGERENTRIES.LIST>
       <LEDGERNAME>21102</LEDGERNAME>
       <ISDEEMEDPOSITIVE>Yes</ISDEEMEDPOSITIVE>
       <AMOUNT>-1136.0</AMOUNT>
       <CATEGORYALLOCATIONS.LIST>
        <CATEGORY>Primary Cost Category</CATEGORY>
        <COSTCENTREALLOCATIONS.LIST>
         <NAME>office-3</NAME>
         <AMOUNT>-1136.0</AMOUNT>
        </COSTCENTREALLOCATIONS.LIST>
       </CATEGORYALLOCATIONS.LIST>
      </ALLLEDGERENTRIES.LIST>
      <ALLLEDGERENTRIES.LIST>
       <LEDGERNAME>11201</LEDGERNAME>
       <ISDEEMEDPOSITIVE>No</ISDEEMEDPOSITIVE>
       <AMOUNT>11136.0</AMOUNT>
       <CATEGORYALLOCATIONS.LIST>
        <CATEGORY>Primary Cost Category</CATEGORY>
        <COSTCENTREALLOCATIONS.LIST>
         <NAME>office-3</NAME>
         <AMOUNT>11136.0</AMOUNT>
        </COSTCENTREALLOCATIONS.LIST>
       </CATEGORYALLOCATIONS.LIST>
      </ALLLEDGERENTRIES.LIST>
      <ALLLEDGERENTRIES.LIST>
       <LEDGERNAME>12101</LEDGERNAME>
       <ISDEEMEDPOSITIVE>No</ISDEEMEDPOSITIVE>
       <AMOUNT>0.0</AMOUNT>
       <CATEGORYALLOCATIONS.LIST>
        <CATEGORY>Primary Cost Category</CATEGORY>
        <COSTCENTREALLOCATIONS.LIST>
         <NAME>office-3</NAME>
         <AMOUNT>0.0</AMOUNT>
        </COSTCENTREALLOCATIONS.LIST>
       </CATEGORYALLOCATIONS.LIST>
      </ALLLEDGERENTRIES.LIST>
      <ALLLEDGERENTRIES.LIST>
       <LEDGERNAME>21102</LEDGERNAME>
       <ISDEEMEDPOSITIVE>No</ISDEEMEDPOSITIVE>
       <AMOUNT>0.0</AMOUNT>
       <CATEGORYALLOCATIONS.LIST>
        <CATEGORY>Primary Cost Category</CATEGORY>
        <COSTCENTREALLOCATIONS.LIST>
         <NAME>office-3</NAME>
         <AMOUNT>0.0</AMOUNT>
        </COSTCENTREALLOCATIONS.LIST>
       </CATEGORYALLOCATIONS.LIST>
      </ALLLEDGERENTRIES.LIST>
     </VOUCHER>
    </TALLYMESSAGE>
    <TALLYMESSAGE xmlns:UDF="TallyUDF">
     <VOUCHER VCHTYPE="Receipt" ACTION="Create">
      <DATE>20091208</DATE>
      <VOUCHERTYPENAME>Receipt</VOUCHERTYPENAME>
      <NARRATION>Mifos Accounting Export 2010-08-10 to 2010-08-10.xml</NARRATION>
      <ALLLEDGERENTRIES.LIST>
       <LEDGERNAME>11201</LEDGERNAME>
       <ISDEEMEDPOSITIVE>No</ISDEEMEDPOSITIVE>
       <AMOUNT>0.0</AMOUNT>
       <CATEGORYALLOCATIONS.LIST>
        <CATEGORY>Primary Cost Category</CATEGORY>
        <COSTCENTREALLOCATIONS.LIST>
         <NAME>office-3</NAME>
         <AMOUNT>0.0</AMOUNT>
        </COSTCENTREALLOCATIONS.LIST>
       </CATEGORYALLOCATIONS.LIST>
      </ALLLEDGERENTRIES.LIST>
      <ALLLEDGERENTRIES.LIST>
       <LEDGERNAME>11201</LEDGERNAME>
       <ISDEEMEDPOSITIVE>Yes</ISDEEMEDPOSITIVE>
       <AMOUNT>-21418.0</AMOUNT>
       <CATEGORYALLOCATIONS.LIST>
        <CATEGORY>Primary Cost Category</CATEGORY>
        <COSTCENTREALLOCATIONS.LIST>
         <NAME>office-3</NAME>
         <AMOUNT>-21418.0</AMOUNT>
        </COSTCENTREALLOCATIONS.LIST>
       </CATEGORYALLOCATIONS.LIST>
      </ALLLEDGERENTRIES.LIST>
      <ALLLEDGERENTRIES.LIST>
       <LEDGERNAME>12101</LEDGERNAME>
       <ISDEEMEDPOSITIVE>No</ISDEEMEDPOSITIVE>
       <AMOUNT>16371.0</AMOUNT>
       <CATEGORYALLOCATIONS.LIST>
        <CATEGORY>Primary Cost Category</CATEGORY>
        <COSTCENTREALLOCATIONS.LIST>
         <NAME>office-3</NAME>
         <AMOUNT>16371.0</AMOUNT>
        </COSTCENTREALLOCATIONS.LIST>
       </CATEGORYALLOCATIONS.LIST>
      </ALLLEDGERENTRIES.LIST>
      <ALLLEDGERENTRIES.LIST>
       <LEDGERNAME>12101</LEDGERNAME>
       <ISDEEMEDPOSITIVE>Yes</ISDEEMEDPOSITIVE>
       <AMOUNT>-0.0</AMOUNT>
       <CATEGORYALLOCATIONS.LIST>
        <CATEGORY>Primary Cost Category</CATEGORY>
        <COSTCENTREALLOCATIONS.LIST>
         <NAME>office-3</NAME>
         <AMOUNT>-0.0</AMOUNT>
        </COSTCENTREALLOCATIONS.LIST>
       </CATEGORYALLOCATIONS.LIST>
      </ALLLEDGERENTRIES.LIST>
      <ALLLEDGERENTRIES.LIST>
       <LEDGERNAME>21101</LEDGERNAME>
       <ISDEEMEDPOSITIVE>No</ISDEEMEDPOSITIVE>
       <AMOUNT>620.0</AMOUNT>
       <CATEGORYALLOCATIONS.LIST>
        <CATEGORY>Primary Cost Category</CATEGORY>
        <COSTCENTREALLOCATIONS.LIST>
         <NAME>office-3</NAME>
         <AMOUNT>620.0</AMOUNT>
        </COSTCENTREALLOCATIONS.LIST>
       </CATEGORYALLOCATIONS.LIST>
      </ALLLEDGERENTRIES.LIST>
      <ALLLEDGERENTRIES.LIST>
       <LEDGERNAME>21101</LEDGERNAME>
       <ISDEEMEDPOSITIVE>Yes</ISDEEMEDPOSITIVE>
       <AMOUNT>-0.0</AMOUNT>
       <CATEGORYALLOCATIONS.LIST>
        <CATEGORY>Primary Cost Category</CATEGORY>
        <COSTCENTREALLOCATIONS.LIST>
         <NAME>office-3</NAME>
         <AMOUNT>-0.0</AMOUNT>
        </COSTCENTREALLOCATIONS.LIST>
       </CATEGORYALLOCATIONS.LIST>
      </ALLLEDGERENTRIES.LIST>
      <ALLLEDGERENTRIES.LIST>
       <LEDGERNAME>21102</LEDGERNAME>
       <ISDEEMEDPOSITIVE>No</ISDEEMEDPOSITIVE>
       <AMOUNT>35.0</AMOUNT>
       <CATEGORYALLOCATIONS.LIST>
        <CATEGORY>Primary Cost Category</CATEGORY>
        <COSTCENTREALLOCATIONS.LIST>
         <NAME>office-3</NAME>
         <AMOUNT>35.0</AMOUNT>
        </COSTCENTREALLOCATIONS.LIST>
       </CATEGORYALLOCATIONS.LIST>
      </ALLLEDGERENTRIES.LIST>
      <ALLLEDGERENTRIES.LIST>
       <LEDGERNAME>21102</LEDGERNAME>
       <ISDEEMEDPOSITIVE>Yes</ISDEEMEDPOSITIVE>
       <AMOUNT>-0.0</AMOUNT>
       <CATEGORYALLOCATIONS.LIST>
        <CATEGORY>Primary Cost Category</CATEGORY>
        <COSTCENTREALLOCATIONS.LIST>
         <NAME>office-3</NAME>
         <AMOUNT>-0.0</AMOUNT>
        </COSTCENTREALLOCATIONS.LIST>
       </CATEGORYALLOCATIONS.LIST>
      </ALLLEDGERENTRIES.LIST>
      <ALLLEDGERENTRIES.LIST>
       <LEDGERNAME>31101</LEDGERNAME>
       <ISDEEMEDPOSITIVE>No</ISDEEMEDPOSITIVE>
       <AMOUNT>3350.0</AMOUNT>
       <CATEGORYALLOCATIONS.LIST>
        <CATEGORY>Primary Cost Category</CATEGORY>
        <COSTCENTREALLOCATIONS.LIST>
         <NAME>office-3</NAME>
         <AMOUNT>3350.0</AMOUNT>
        </COSTCENTREALLOCATIONS.LIST>
       </CATEGORYALLOCATIONS.LIST>
      </ALLLEDGERENTRIES.LIST>
      <ALLLEDGERENTRIES.LIST>
       <LEDGERNAME>31101</LEDGERNAME>
       <ISDEEMEDPOSITIVE>Yes</ISDEEMEDPOSITIVE>
       <AMOUNT>-0.0</AMOUNT>
       <CATEGORYALLOCATIONS.LIST>
        <CATEGORY>Primary Cost Category</CATEGORY>
        <COSTCENTREALLOCATIONS.LIST>
         <NAME>office-3</NAME>
         <AMOUNT>-0.0</AMOUNT>
        </COSTCENTREALLOCATIONS.LIST>
       </CATEGORYALLOCATIONS.LIST>
      </ALLLEDGERENTRIES.LIST>
      <ALLLEDGERENTRIES.LIST>
       <LEDGERNAME>31201</LEDGERNAME>
       <ISDEEMEDPOSITIVE>No</ISDEEMEDPOSITIVE>
       <AMOUNT>1042.0</AMOUNT>
       <CATEGORYALLOCATIONS.LIST>
        <CATEGORY>Primary Cost Category</CATEGORY>
        <COSTCENTREALLOCATIONS.LIST>
         <NAME>office-3</NAME>
         <AMOUNT>1042.0</AMOUNT>
        </COSTCENTREALLOCATIONS.LIST>
       </CATEGORYALLOCATIONS.LIST>
      </ALLLEDGERENTRIES.LIST>
      <ALLLEDGERENTRIES.LIST>
       <LEDGERNAME>31201</LEDGERNAME>
       <ISDEEMEDPOSITIVE>Yes</ISDEEMEDPOSITIVE>
       <AMOUNT>-0.0</AMOUNT>
       <CATEGORYALLOCATIONS.LIST>
        <CATEGORY>Primary Cost Category</CATEGORY>
        <COSTCENTREALLOCATIONS.LIST>
         <NAME>office-3</NAME>
         <AMOUNT>-0.0</AMOUNT>
        </COSTCENTREALLOCATIONS.LIST>
       </CATEGORYALLOCATIONS.LIST>
      </ALLLEDGERENTRIES.LIST>
     </VOUCHER>
    </TALLYMESSAGE>
    <TALLYMESSAGE xmlns:UDF="TallyUDF">
     <VOUCHER VCHTYPE="Payment" ACTION="Create">
      <DATE>20091208</DATE>
      <VOUCHERTYPENAME>Payment</VOUCHERTYPENAME>
      <NARRATION>Mifos Accounting Export 2010-08-10 to 2010-08-10.xml</NARRATION>
      <ALLLEDGERENTRIES.LIST>
       <LEDGERNAME>11201</LEDGERNAME>
       <ISDEEMEDPOSITIVE>Yes</ISDEEMEDPOSITIVE>
       <AMOUNT>-0.0</AMOUNT>
       <CATEGORYALLOCATIONS.LIST>
        <CATEGORY>Primary Cost Category</CATEGORY>
        <COSTCENTREALLOCATIONS.LIST>
         <NAME>office-3</NAME>
         <AMOUNT>-0.0</AMOUNT>
        </COSTCENTREALLOCATIONS.LIST>
       </CATEGORYALLOCATIONS.LIST>
      </ALLLEDGERENTRIES.LIST>
      <ALLLEDGERENTRIES.LIST>
       <LEDGERNAME>21101</LEDGERNAME>
       <ISDEEMEDPOSITIVE>Yes</ISDEEMEDPOSITIVE>
       <AMOUNT>-1500.0</AMOUNT>
       <CATEGORYALLOCATIONS.LIST>
        <CATEGORY>Primary Cost Category</CATEGORY>
        <COSTCENTREALLOCATIONS.LIST>
         <NAME>office-3</NAME>
         <AMOUNT>-1500.0</AMOUNT>
        </COSTCENTREALLOCATIONS.LIST>
       </CATEGORYALLOCATIONS.LIST>
      </ALLLEDGERENTRIES.LIST>
      <ALLLEDGERENTRIES.LIST>
       <LEDGERNAME>21102</LEDGERNAME>
       <ISDEEMEDPOSITIVE>Yes</ISDEEMEDPOSITIVE>
       <AMOUNT>-1331.0</AMOUNT>
       <CATEGORYALLOCATIONS.LIST>
        <CATEGORY>Primary Cost Category</CATEGORY>
        <COSTCENTREALLOCATIONS.LIST>
         <NAME>office-3</NAME>
         <AMOUNT>-1331.0</AMOUNT>
        </COSTCENTREALLOCATIONS.LIST>
       </CATEGORYALLOCATIONS.LIST>
      </ALLLEDGERENTRIES.LIST>
      <ALLLEDGERENTRIES.LIST>
       <LEDGERNAME>11201</LEDGERNAME>
       <ISDEEMEDPOSITIVE>No</ISDEEMEDPOSITIVE>
       <AMOUNT>2831.0</AMOUNT>
       <CATEGORYALLOCATIONS.LIST>
        <CATEGORY>Primary Cost Category</CATEGORY>
        <COSTCENTREALLOCATIONS.LIST>
         <NAME>office-3</NAME>
         <AMOUNT>2831.0</AMOUNT>
        </COSTCENTREALLOCATIONS.LIST>
       </CATEGORYALLOCATIONS.LIST>
      </ALLLEDGERENTRIES.LIST>
      <ALLLEDGERENTRIES.LIST>
       <LEDGERNAME>21101</LEDGERNAME>
       <ISDEEMEDPOSITIVE>No</ISDEEMEDPOSITIVE>
       <AMOUNT>0.0</AMOUNT>
       <CATEGORYALLOCATIONS.LIST>
        <CATEGORY>Primary Cost Category</CATEGORY>
        <COSTCENTREALLOCATIONS.LIST>
         <NAME>office-3</NAME>
         <AMOUNT>0.0</AMOUNT>
        </COSTCENTREALLOCATIONS.LIST>
       </CATEGORYALLOCATIONS.LIST>
      </ALLLEDGERENTRIES.LIST>
      <ALLLEDGERENTRIES.LIST>
       <LEDGERNAME>21102</LEDGERNAME>
       <ISDEEMEDPOSITIVE>No</ISDEEMEDPOSITIVE>
       <AMOUNT>0.0</AMOUNT>
       <CATEGORYALLOCATIONS.LIST>
        <CATEGORY>Primary Cost Category</CATEGORY>
        <COSTCENTREALLOCATIONS.LIST>
         <NAME>office-3</NAME>
         <AMOUNT>0.0</AMOUNT>
        </COSTCENTREALLOCATIONS.LIST>
       </CATEGORYALLOCATIONS.LIST>
      </ALLLEDGERENTRIES.LIST>
     </VOUCHER>
    </TALLYMESSAGE>
    <TALLYMESSAGE xmlns:UDF="TallyUDF">
     <VOUCHER VCHTYPE="Receipt" ACTION="Create">
      <DATE>20091208</DATE>
      <VOUCHERTYPENAME>Receipt</VOUCHERTYPENAME>
      <NARRATION>Mifos Accounting Export 2010-08-10 to 2010-08-10.xml</NARRATION>
      <ALLLEDGERENTRIES.LIST>
       <LEDGERNAME>11201</LEDGERNAME>
       <ISDEEMEDPOSITIVE>No</ISDEEMEDPOSITIVE>
       <AMOUNT>0.0</AMOUNT>
       <CATEGORYALLOCATIONS.LIST>
        <CATEGORY>Primary Cost Category</CATEGORY>
        <COSTCENTREALLOCATIONS.LIST>
         <NAME>office-3</NAME>
         <AMOUNT>0.0</AMOUNT>
        </COSTCENTREALLOCATIONS.LIST>
       </CATEGORYALLOCATIONS.LIST>
      </ALLLEDGERENTRIES.LIST>
      <ALLLEDGERENTRIES.LIST>
       <LEDGERNAME>11201</LEDGERNAME>
       <ISDEEMEDPOSITIVE>Yes</ISDEEMEDPOSITIVE>
       <AMOUNT>-34997.0</AMOUNT>
       <CATEGORYALLOCATIONS.LIST>
        <CATEGORY>Primary Cost Category</CATEGORY>
        <COSTCENTREALLOCATIONS.LIST>
         <NAME>office-3</NAME>
         <AMOUNT>-34997.0</AMOUNT>
        </COSTCENTREALLOCATIONS.LIST>
       </CATEGORYALLOCATIONS.LIST>
      </ALLLEDGERENTRIES.LIST>
      <ALLLEDGERENTRIES.LIST>
       <LEDGERNAME>12101</LEDGERNAME>
       <ISDEEMEDPOSITIVE>No</ISDEEMEDPOSITIVE>
       <AMOUNT>26323.0</AMOUNT>
       <CATEGORYALLOCATIONS.LIST>
        <CATEGORY>Primary Cost Category</CATEGORY>
        <COSTCENTREALLOCATIONS.LIST>
         <NAME>office-3</NAME>
         <AMOUNT>26323.0</AMOUNT>
        </COSTCENTREALLOCATIONS.LIST>
       </CATEGORYALLOCATIONS.LIST>
      </ALLLEDGERENTRIES.LIST>
      <ALLLEDGERENTRIES.LIST>
       <LEDGERNAME>12101</LEDGERNAME>
       <ISDEEMEDPOSITIVE>Yes</ISDEEMEDPOSITIVE>
       <AMOUNT>-0.0</AMOUNT>
       <CATEGORYALLOCATIONS.LIST>
        <CATEGORY>Primary Cost Category</CATEGORY>
        <COSTCENTREALLOCATIONS.LIST>
         <NAME>office-3</NAME>
         <AMOUNT>-0.0</AMOUNT>
        </COSTCENTREALLOCATIONS.LIST>
       </CATEGORYALLOCATIONS.LIST>
      </ALLLEDGERENTRIES.LIST>
      <ALLLEDGERENTRIES.LIST>
       <LEDGERNAME>21101</LEDGERNAME>
       <ISDEEMEDPOSITIVE>No</ISDEEMEDPOSITIVE>
       <AMOUNT>1780.0</AMOUNT>
       <CATEGORYALLOCATIONS.LIST>
        <CATEGORY>Primary Cost Category</CATEGORY>
        <COSTCENTREALLOCATIONS.LIST>
         <NAME>office-3</NAME>
         <AMOUNT>1780.0</AMOUNT>
        </COSTCENTREALLOCATIONS.LIST>
       </CATEGORYALLOCATIONS.LIST>
      </ALLLEDGERENTRIES.LIST>
      <ALLLEDGERENTRIES.LIST>
       <LEDGERNAME>21101</LEDGERNAME>
       <ISDEEMEDPOSITIVE>Yes</ISDEEMEDPOSITIVE>
       <AMOUNT>-0.0</AMOUNT>
       <CATEGORYALLOCATIONS.LIST>
        <CATEGORY>Primary Cost Category</CATEGORY>
        <COSTCENTREALLOCATIONS.LIST>
         <NAME>office-3</NAME>
         <AMOUNT>-0.0</AMOUNT>
        </COSTCENTREALLOCATIONS.LIST>
       </CATEGORYALLOCATIONS.LIST>
      </ALLLEDGERENTRIES.LIST>
      <ALLLEDGERENTRIES.LIST>
       <LEDGERNAME>21102</LEDGERNAME>
       <ISDEEMEDPOSITIVE>No</ISDEEMEDPOSITIVE>
       <AMOUNT>271.0</AMOUNT>
       <CATEGORYALLOCATIONS.LIST>
        <CATEGORY>Primary Cost Category</CATEGORY>
        <COSTCENTREALLOCATIONS.LIST>
         <NAME>office-3</NAME>
         <AMOUNT>271.0</AMOUNT>
        </COSTCENTREALLOCATIONS.LIST>
       </CATEGORYALLOCATIONS.LIST>
      </ALLLEDGERENTRIES.LIST>
      <ALLLEDGERENTRIES.LIST>
       <LEDGERNAME>21102</LEDGERNAME>
       <ISDEEMEDPOSITIVE>Yes</ISDEEMEDPOSITIVE>
       <AMOUNT>-0.0</AMOUNT>
       <CATEGORYALLOCATIONS.LIST>
        <CATEGORY>Primary Cost Category</CATEGORY>
        <COSTCENTREALLOCATIONS.LIST>
         <NAME>office-3</NAME>
         <AMOUNT>-0.0</AMOUNT>
        </COSTCENTREALLOCATIONS.LIST>
       </CATEGORYALLOCATIONS.LIST>
      </ALLLEDGERENTRIES.LIST>
      <ALLLEDGERENTRIES.LIST>
       <LEDGERNAME>31101</LEDGERNAME>
       <ISDEEMEDPOSITIVE>No</ISDEEMEDPOSITIVE>
       <AMOUNT>4691.0</AMOUNT>
       <CATEGORYALLOCATIONS.LIST>
        <CATEGORY>Primary Cost Category</CATEGORY>
        <COSTCENTREALLOCATIONS.LIST>
         <NAME>office-3</NAME>
         <AMOUNT>4691.0</AMOUNT>
        </COSTCENTREALLOCATIONS.LIST>
       </CATEGORYALLOCATIONS.LIST>
      </ALLLEDGERENTRIES.LIST>
      <ALLLEDGERENTRIES.LIST>
       <LEDGERNAME>31101</LEDGERNAME>
       <ISDEEMEDPOSITIVE>Yes</ISDEEMEDPOSITIVE>
       <AMOUNT>-0.0</AMOUNT>
       <CATEGORYALLOCATIONS.LIST>
        <CATEGORY>Primary Cost Category</CATEGORY>
        <COSTCENTREALLOCATIONS.LIST>
         <NAME>office-3</NAME>
         <AMOUNT>-0.0</AMOUNT>
        </COSTCENTREALLOCATIONS.LIST>
       </CATEGORYALLOCATIONS.LIST>
      </ALLLEDGERENTRIES.LIST>
      <ALLLEDGERENTRIES.LIST>
       <LEDGERNAME>31201</LEDGERNAME>
       <ISDEEMEDPOSITIVE>No</ISDEEMEDPOSITIVE>
       <AMOUNT>1932.0</AMOUNT>
       <CATEGORYALLOCATIONS.LIST>
        <CATEGORY>Primary Cost Category</CATEGORY>
        <COSTCENTREALLOCATIONS.LIST>
         <NAME>office-3</NAME>
         <AMOUNT>1932.0</AMOUNT>
        </COSTCENTREALLOCATIONS.LIST>
       </CATEGORYALLOCATIONS.LIST>
      </ALLLEDGERENTRIES.LIST>
      <ALLLEDGERENTRIES.LIST>
       <LEDGERNAME>31201</LEDGERNAME>
       <ISDEEMEDPOSITIVE>Yes</ISDEEMEDPOSITIVE>
       <AMOUNT>-0.0</AMOUNT>
       <CATEGORYALLOCATIONS.LIST>
        <CATEGORY>Primary Cost Category</CATEGORY>
        <COSTCENTREALLOCATIONS.LIST>
         <NAME>office-3</NAME>
         <AMOUNT>-0.0</AMOUNT>
        </COSTCENTREALLOCATIONS.LIST>
       </CATEGORYALLOCATIONS.LIST>
      </ALLLEDGERENTRIES.LIST>
     </VOUCHER>
    </TALLYMESSAGE>
    <TALLYMESSAGE xmlns:UDF="TallyUDF">
     <VOUCHER VCHTYPE="Payment" ACTION="Create">
      <DATE>20091208</DATE>
      <VOUCHERTYPENAME>Payment</VOUCHERTYPENAME>
      <NARRATION>Mifos Accounting Export 2010-08-10 to 2010-08-10.xml</NARRATION>
      <ALLLEDGERENTRIES.LIST>
       <LEDGERNAME>11201</LEDGERNAME>
       <ISDEEMEDPOSITIVE>Yes</ISDEEMEDPOSITIVE>
       <AMOUNT>-0.0</AMOUNT>
       <CATEGORYALLOCATIONS.LIST>
        <CATEGORY>Primary Cost Category</CATEGORY>
        <COSTCENTREALLOCATIONS.LIST>
         <NAME>office-4</NAME>
         <AMOUNT>-0.0</AMOUNT>
        </COSTCENTREALLOCATIONS.LIST>
       </CATEGORYALLOCATIONS.LIST>
      </ALLLEDGERENTRIES.LIST>
      <ALLLEDGERENTRIES.LIST>
       <LEDGERNAME>21101</LEDGERNAME>
       <ISDEEMEDPOSITIVE>Yes</ISDEEMEDPOSITIVE>
       <AMOUNT>-900.0</AMOUNT>
       <CATEGORYALLOCATIONS.LIST>
        <CATEGORY>Primary Cost Category</CATEGORY>
        <COSTCENTREALLOCATIONS.LIST>
         <NAME>office-4</NAME>
         <AMOUNT>-900.0</AMOUNT>
        </COSTCENTREALLOCATIONS.LIST>
       </CATEGORYALLOCATIONS.LIST>
      </ALLLEDGERENTRIES.LIST>
      <ALLLEDGERENTRIES.LIST>
       <LEDGERNAME>21102</LEDGERNAME>
       <ISDEEMEDPOSITIVE>Yes</ISDEEMEDPOSITIVE>
       <AMOUNT>-750.0</AMOUNT>
       <CATEGORYALLOCATIONS.LIST>
        <CATEGORY>Primary Cost Category</CATEGORY>
        <COSTCENTREALLOCATIONS.LIST>
         <NAME>office-4</NAME>
         <AMOUNT>-750.0</AMOUNT>
        </COSTCENTREALLOCATIONS.LIST>
       </CATEGORYALLOCATIONS.LIST>
      </ALLLEDGERENTRIES.LIST>
      <ALLLEDGERENTRIES.LIST>
       <LEDGERNAME>11201</LEDGERNAME>
       <ISDEEMEDPOSITIVE>No</ISDEEMEDPOSITIVE>
       <AMOUNT>1650.0</AMOUNT>
       <CATEGORYALLOCATIONS.LIST>
        <CATEGORY>Primary Cost Category</CATEGORY>
        <COSTCENTREALLOCATIONS.LIST>
         <NAME>office-4</NAME>
         <AMOUNT>1650.0</AMOUNT>
        </COSTCENTREALLOCATIONS.LIST>
       </CATEGORYALLOCATIONS.LIST>
      </ALLLEDGERENTRIES.LIST>
      <ALLLEDGERENTRIES.LIST>
       <LEDGERNAME>21101</LEDGERNAME>
       <ISDEEMEDPOSITIVE>No</ISDEEMEDPOSITIVE>
       <AMOUNT>0.0</AMOUNT>
       <CATEGORYALLOCATIONS.LIST>
        <CATEGORY>Primary Cost Category</CATEGORY>
        <COSTCENTREALLOCATIONS.LIST>
         <NAME>office-4</NAME>
         <AMOUNT>0.0</AMOUNT>
        </COSTCENTREALLOCATIONS.LIST>
       </CATEGORYALLOCATIONS.LIST>
      </ALLLEDGERENTRIES.LIST>
      <ALLLEDGERENTRIES.LIST>
       <LEDGERNAME>21102</LEDGERNAME>
       <ISDEEMEDPOSITIVE>No</ISDEEMEDPOSITIVE>
       <AMOUNT>0.0</AMOUNT>
       <CATEGORYALLOCATIONS.LIST>
        <CATEGORY>Primary Cost Category</CATEGORY>
        <COSTCENTREALLOCATIONS.LIST>
         <NAME>office-4</NAME>
         <AMOUNT>0.0</AMOUNT>
        </COSTCENTREALLOCATIONS.LIST>
       </CATEGORYALLOCATIONS.LIST>
      </ALLLEDGERENTRIES.LIST>
     </VOUCHER>
    </TALLYMESSAGE>
    <TALLYMESSAGE xmlns:UDF="TallyUDF">
     <VOUCHER VCHTYPE="Receipt" ACTION="Create">
      <DATE>20091208</DATE>
      <VOUCHERTYPENAME>Receipt</VOUCHERTYPENAME>
      <NARRATION>Mifos Accounting Export 2010-08-10 to 2010-08-10.xml</NARRATION>
      <ALLLEDGERENTRIES.LIST>
       <LEDGERNAME>11201</LEDGERNAME>
       <ISDEEMEDPOSITIVE>No</ISDEEMEDPOSITIVE>
       <AMOUNT>0.0</AMOUNT>
       <CATEGORYALLOCATIONS.LIST>
        <CATEGORY>Primary Cost Category</CATEGORY>
        <COSTCENTREALLOCATIONS.LIST>
         <NAME>office-4</NAME>
         <AMOUNT>0.0</AMOUNT>
        </COSTCENTREALLOCATIONS.LIST>
       </CATEGORYALLOCATIONS.LIST>
      </ALLLEDGERENTRIES.LIST>
      <ALLLEDGERENTRIES.LIST>
       <LEDGERNAME>11201</LEDGERNAME>
       <ISDEEMEDPOSITIVE>Yes</ISDEEMEDPOSITIVE>
       <AMOUNT>-18828.0</AMOUNT>
       <CATEGORYALLOCATIONS.LIST>
        <CATEGORY>Primary Cost Category</CATEGORY>
        <COSTCENTREALLOCATIONS.LIST>
         <NAME>office-4</NAME>
         <AMOUNT>-18828.0</AMOUNT>
        </COSTCENTREALLOCATIONS.LIST>
       </CATEGORYALLOCATIONS.LIST>
      </ALLLEDGERENTRIES.LIST>
      <ALLLEDGERENTRIES.LIST>
       <LEDGERNAME>12101</LEDGERNAME>
       <ISDEEMEDPOSITIVE>No</ISDEEMEDPOSITIVE>
       <AMOUNT>14678.0</AMOUNT>
       <CATEGORYALLOCATIONS.LIST>
        <CATEGORY>Primary Cost Category</CATEGORY>
        <COSTCENTREALLOCATIONS.LIST>
         <NAME>office-4</NAME>
         <AMOUNT>14678.0</AMOUNT>
        </COSTCENTREALLOCATIONS.LIST>
       </CATEGORYALLOCATIONS.LIST>
      </ALLLEDGERENTRIES.LIST>
      <ALLLEDGERENTRIES.LIST>
       <LEDGERNAME>12101</LEDGERNAME>
       <ISDEEMEDPOSITIVE>Yes</ISDEEMEDPOSITIVE>
       <AMOUNT>-0.0</AMOUNT>
       <CATEGORYALLOCATIONS.LIST>
        <CATEGORY>Primary Cost Category</CATEGORY>
        <COSTCENTREALLOCATIONS.LIST>
         <NAME>office-4</NAME>
         <AMOUNT>-0.0</AMOUNT>
        </COSTCENTREALLOCATIONS.LIST>
       </CATEGORYALLOCATIONS.LIST>
      </ALLLEDGERENTRIES.LIST>
      <ALLLEDGERENTRIES.LIST>
       <LEDGERNAME>21101</LEDGERNAME>
       <ISDEEMEDPOSITIVE>No</ISDEEMEDPOSITIVE>
       <AMOUNT>540.0</AMOUNT>
       <CATEGORYALLOCATIONS.LIST>
        <CATEGORY>Primary Cost Category</CATEGORY>
        <COSTCENTREALLOCATIONS.LIST>
         <NAME>office-4</NAME>
         <AMOUNT>540.0</AMOUNT>
        </COSTCENTREALLOCATIONS.LIST>
       </CATEGORYALLOCATIONS.LIST>
      </ALLLEDGERENTRIES.LIST>
      <ALLLEDGERENTRIES.LIST>
       <LEDGERNAME>21101</LEDGERNAME>
       <ISDEEMEDPOSITIVE>Yes</ISDEEMEDPOSITIVE>
       <AMOUNT>-0.0</AMOUNT>
       <CATEGORYALLOCATIONS.LIST>
        <CATEGORY>Primary Cost Category</CATEGORY>
        <COSTCENTREALLOCATIONS.LIST>
         <NAME>office-4</NAME>
         <AMOUNT>-0.0</AMOUNT>
        </COSTCENTREALLOCATIONS.LIST>
       </CATEGORYALLOCATIONS.LIST>
      </ALLLEDGERENTRIES.LIST>
      <ALLLEDGERENTRIES.LIST>
       <LEDGERNAME>21102</LEDGERNAME>
       <ISDEEMEDPOSITIVE>No</ISDEEMEDPOSITIVE>
       <AMOUNT>436.0</AMOUNT>
       <CATEGORYALLOCATIONS.LIST>
        <CATEGORY>Primary Cost Category</CATEGORY>
        <COSTCENTREALLOCATIONS.LIST>
         <NAME>office-4</NAME>
         <AMOUNT>436.0</AMOUNT>
        </COSTCENTREALLOCATIONS.LIST>
       </CATEGORYALLOCATIONS.LIST>
      </ALLLEDGERENTRIES.LIST>
      <ALLLEDGERENTRIES.LIST>
       <LEDGERNAME>21102</LEDGERNAME>
       <ISDEEMEDPOSITIVE>Yes</ISDEEMEDPOSITIVE>
       <AMOUNT>-0.0</AMOUNT>
       <CATEGORYALLOCATIONS.LIST>
        <CATEGORY>Primary Cost Category</CATEGORY>
        <COSTCENTREALLOCATIONS.LIST>
         <NAME>office-4</NAME>
         <AMOUNT>-0.0</AMOUNT>
        </COSTCENTREALLOCATIONS.LIST>
       </CATEGORYALLOCATIONS.LIST>
      </ALLLEDGERENTRIES.LIST>
      <ALLLEDGERENTRIES.LIST>
       <LEDGERNAME>31101</LEDGERNAME>
       <ISDEEMEDPOSITIVE>No</ISDEEMEDPOSITIVE>
       <AMOUNT>2644.0</AMOUNT>
       <CATEGORYALLOCATIONS.LIST>
        <CATEGORY>Primary Cost Category</CATEGORY>
        <COSTCENTREALLOCATIONS.LIST>
         <NAME>office-4</NAME>
         <AMOUNT>2644.0</AMOUNT>
        </COSTCENTREALLOCATIONS.LIST>
       </CATEGORYALLOCATIONS.LIST>
      </ALLLEDGERENTRIES.LIST>
      <ALLLEDGERENTRIES.LIST>
       <LEDGERNAME>31101</LEDGERNAME>
       <ISDEEMEDPOSITIVE>Yes</ISDEEMEDPOSITIVE>
       <AMOUNT>-0.0</AMOUNT>
       <CATEGORYALLOCATIONS.LIST>
        <CATEGORY>Primary Cost Category</CATEGORY>
        <COSTCENTREALLOCATIONS.LIST>
         <NAME>office-4</NAME>
         <AMOUNT>-0.0</AMOUNT>
        </COSTCENTREALLOCATIONS.LIST>
       </CATEGORYALLOCATIONS.LIST>
      </ALLLEDGERENTRIES.LIST>
      <ALLLEDGERENTRIES.LIST>
       <LEDGERNAME>31201</LEDGERNAME>
       <ISDEEMEDPOSITIVE>No</ISDEEMEDPOSITIVE>
       <AMOUNT>530.0</AMOUNT>
       <CATEGORYALLOCATIONS.LIST>
        <CATEGORY>Primary Cost Category</CATEGORY>
        <COSTCENTREALLOCATIONS.LIST>
         <NAME>office-4</NAME>
         <AMOUNT>530.0</AMOUNT>
        </COSTCENTREALLOCATIONS.LIST>
       </CATEGORYALLOCATIONS.LIST>
      </ALLLEDGERENTRIES.LIST>
      <ALLLEDGERENTRIES.LIST>
       <LEDGERNAME>31201</LEDGERNAME>
       <ISDEEMEDPOSITIVE>Yes</ISDEEMEDPOSITIVE>
       <AMOUNT>-0.0</AMOUNT>
       <CATEGORYALLOCATIONS.LIST>
        <CATEGORY>Primary Cost Category</CATEGORY>
        <COSTCENTREALLOCATIONS.LIST>
         <NAME>office-4</NAME>
         <AMOUNT>-0.0</AMOUNT>
        </COSTCENTREALLOCATIONS.LIST>
       </CATEGORYALLOCATIONS.LIST>
      </ALLLEDGERENTRIES.LIST>
     </VOUCHER>
    </TALLYMESSAGE>
   </REQUESTDATA>
  </IMPORTDATA>
 </BODY>
</ENVELOPE>